@INPROCEEDINGS{imagenet,
	author={Deng, Jia and Dong, Wei and Socher, Richard and Li, Li-Jia and Kai Li and Li Fei-Fei},
	booktitle={CVPR}, 
	title={ImageNet: A large-scale hierarchical image database}, 
	year={2009},
	pages={248-255},
}

@inproceedings{simclr,
  title={A simple framework for contrastive learning of visual representations},
  author={Chen, Ting and Kornblith, Simon and Norouzi, Mohammad and Hinton, Geoffrey},
  booktitle={ICML},
  pages={1597--1607},
  year={2020},
  organization={PMLR}
}

@inproceedings{simsiam,
  title={Exploring simple siamese representation learning},
  author={Chen, Xinlei and He, Kaiming},
  booktitle={CVPR},
  pages={15750--15758},
  year={2021}
}

@article{byol,
  title={Bootstrap your own latent-a new approach to self-supervised learning},
  author={Grill, Jean-Bastien and Strub, Florian and Altch{\'e}, Florent and Tallec, Corentin and Richemond, Pierre and Buchatskaya, Elena and Doersch, Carl and Avila Pires, Bernardo and Guo, Zhaohan and Gheshlaghi Azar, Mohammad and others},
  journal={NIPS},
  volume={33},
  pages={21271--21284},
  year={2020}
}

@inproceedings{moco,
  title={Momentum contrast for unsupervised visual representation learning},
  author={He, Kaiming and Fan, Haoqi and Wu, Yuxin and Xie, Saining and Girshick, Ross},
  booktitle={CVPR},
  pages={9729--9738},
  year={2020}
}

@inproceedings{uscl,
  title={USCL: Pretraining Deep Ultrasound Image Diagnosis Model Through Video Contrastive Representation Learning},
  author={Chen, Yixiong and Zhang, Chunhui and Liu, Li and Feng, Cheng and Dong, Changfeng and Luo, Yongfang and Wan, Xiang},
  booktitle={MICCAI},
  pages={627--637},
  year={2021},
  organization={Springer}
}

@inproceedings{cyclecontrast,
  title={Contrastive Learning of Image Representations with Cross-Video Cycle-Consistency},
  author={Wu, Haiping and Wang, Xiaolong},
  booktitle={ICCV},
  pages={10149--10159},
  year={2021}
}

@article{bo2019diagnostic,
  title={Diagnostic accuracy of imaging modalities in differentiating xanthogranulomatous cholecystitis from gallbladder cancer},
  author={Bo, Xiaobo and Chen, Erbao and Wang, Jie and Nan, Lingxi and Xin, Yanlei and Wang, Changchen and Lu, Qing and Rao, Shengxiang and Pang, Lifang and Li, Min and others},
  journal={ATM},
  volume={7},
  number={22},
  year={2019},
  publisher={AME Publications}
}

@inproceedings{xu2019self,
  title={Self-supervised spatiotemporal learning via video clip order prediction},
  author={Xu, Dejing and Xiao, Jun and Zhao, Zhou and Shao, Jian and Xie, Di and Zhuang, Yueting},
  booktitle={Proceedings of the IEEE/CVF Conference on Computer Vision and Pattern Recognition},
  pages={10334--10343},
  year={2019}
}

@inproceedings{komodakis2018unsupervised,
  title={Unsupervised representation learning by predicting image rotations},
  author={Komodakis, Nikos and Gidaris, Spyros},
  booktitle={International Conference on Learning Representations (ICLR)},
  year={2018}
}

@article{cao2020global,
  title={Global context networks},
  author={Cao, Yue and Xu, Jiarui and Lin, Stephen and Wei, Fangyun and Hu, Han},
  journal={IEEE Transactions on Pattern Analysis and Machine Intelligence},
  year={2020},
  publisher={IEEE}
}

@article{gupta2020evaluation,
  title={Evaluation of gallbladder wall thickening: a multimodality imaging approach},
  author={Gupta, Pankaj and Kumar, Maoulik and Sharma, Vishal and Dutta, Usha and Sandhu, Manavjit Singh},
  journal={Expert Rev. Gastroenterol. Hepatol.},
  volume={14},
  number={6},
  pages={463--473},
  year={2020},
  publisher={Taylor \& Francis}
}

@article{gupta2020imaging,
  title={Imaging-based algorithmic approach to gallbladder wall thickening},
  author={Gupta, Pankaj and Marodia, Yashi and Bansal, Akash and Kalra, Naveen and Kumar-M, Praveen and Sharma, Vishal and Dutta, Usha and Sandhu, Manavjit Singh},
  journal={World journal of gastroenterology},
  volume={26},
  number={40},
  pages={6163},
  year={2020},
  publisher={BPG Publishing}
}

@inproceedings{resnet,
  title={Deep residual learning for image recognition},
  author={He, Kaiming and Zhang, Xiangyu and Ren, Shaoqing and Sun, Jian},
  booktitle={CVPR},
  pages={770--778},
  year={2016}
}

@article{pocus,
  title={POCOVID-Net: automatic detection of COVID-19 from a new lung ultrasound imaging dataset (POCUS)},
  author={Born, Jannis and Br{\"a}ndle, Gabriel and Cossio, Manuel and Disdier, Marion and Goulet, Julie and Roulin, J{\'e}r{\'e}mie and Wiedemann, Nina},
  journal={arXiv preprint arXiv:2004.12084},
  year={2020}
}


@misc{butterfly,
  title = {Butterfly videos},
  howpublished = {\url{https://www.butterflynetwork.com/index.html}},
  note = {Accessed: 2022-03-02}
}

@article{yang2020covid,
  title={COVID-CT-dataset: a CT scan dataset about COVID-19},
  author={Yang, Xingyi and others},
  journal={arXiv preprint arXiv:2003.13865},
  year={2020}
}

@article{afshar2021covid,
  title={COVID-CT-MD, COVID-19 computed tomography scan dataset applicable in machine learning and deep learning},
  author={Afshar, Parnian and others},
  journal={Scientific Data},
  volume={8},
  number={1},
  year={2021},
  publisher={Nature Publishing Group}
}

@article{ardila2019end,
  title={End-to-end lung cancer screening with three-dimensional deep learning on low-dose chest computed tomography},
  author={Ardila, Diego and Kiraly, Atilla P and Bharadwaj, Sujeeth and Choi, Bokyung and Reicher, Joshua J and Peng, Lily and Tse, Daniel and Etemadi, Mozziyar and Ye, Wenxing and Corrado, Greg and others},
  journal={Nature medicine},
  volume={25},
  number={6},
  pages={954--961},
  year={2019},
  publisher={Nature Publishing Group}
}

@article{bejnordi2017diagnostic,
  title={Diagnostic assessment of deep learning algorithms for detection of lymph node metastases in women with breast cancer},
  author={Bejnordi, Babak Ehteshami and Veta, Mitko and Van Diest, Paul Johannes and Van Ginneken, Bram and Karssemeijer, Nico and Litjens, Geert and Van Der Laak, Jeroen AWM and Hermsen, Meyke and Manson, Quirine F and Balkenhol, Maschenka and others},
  journal={Jama},
  volume={318},
  number={22},
  pages={2199--2210},
  year={2017},
  publisher={American Medical Association}
}

@article{cheng2017transfer,
  title={Transfer learning with convolutional neural networks for classification of abdominal ultrasound images},
  author={Cheng, Phillip M and Malhi, Harshawn S},
  journal={Journal of digital imaging},
  volume={30},
  number={2},
  pages={234--243},
  year={2017},
  publisher={Springer}
}

@article{alzubaidi2020transferlearning,
  title={Towards a better understanding of transfer learning for medical imaging: a case study},
  author={Alzubaidi, Laith and Fadhel, Mohammed A and Al-Shamma, Omran and Zhang, Jinglan and Santamar{\'\i}a, J and Duan, Ye and Oleiwi, Sameer R},
  journal={Applied Sciences},
  volume={10},
  number={13},
  pages={4523},
  year={2020},
  publisher={Multidisciplinary Digital Publishing Institute}
}

@article{gbAutomatic,
  title={Automatic gallbladder and gallstone regions segmentation in ultrasound image},
  author={Lian, Jing and Ma, Yide and Ma, Yurun and Shi, Bin and Liu, Jizhao and Yang, Zhen and Guo, Yanan},
  journal={International journal of computer assisted radiology and surgery},
  volume={12},
  number={4},
  pages={553--568},
  year={2017},
  publisher={Springer}
}

@article{gbPolyp,
  title={Computer-aided diagnosis of gallbladder polyps based on high resolution ultrasonography},
  author={Chen, Tao and Tu, Shaoxiong and Wang, Haolu and Liu, Xuesong and Li, Fenghua and Jin, Wang and Liang, Xiaowen and Zhang, Xiaoqun and Wang, Jian},
  journal={Computer methods and programs in biomedicine},
  volume={185},
  pages={105118},
  year={2020},
  publisher={Elsevier}
}

@article{gbPolyp2,
  title={Deep learning-based decision support system for the diagnosis of neoplastic gallbladder polyps on ultrasonography: preliminary results},
  author={Jeong, Younbeom and Kim, Jung Hoon and Chae, Hee-Dong and Park, Sae-Jin and Bae, Jae Seok and Joo, Ijin and Han, Joon Koo},
  journal={Scientific Reports},
  volume={10},
  number={1},
  pages={1--10},
  year={2020},
  publisher={Nature Publishing Group}
}

@inproceedings{basu2022surpassing,
  title={Surpassing the Human Accuracy: Detecting Gallbladder Cancer from USG Images with Curriculum Learning},
  author={Basu, Soumen and Gupta, Mayank and Rana, Pratyaksha and Gupta, Pankaj and Arora, Chetan},
  booktitle={Proceedings of the IEEE/CVF Conference on Computer Vision and Pattern Recognition (CVPR)},
  pages={20886--20896},
  year={2022}
}

@inproceedings{gradcam,
  title={Grad-cam: Visual explanations from deep networks via gradient-based localization},
  author={Selvaraju, Ramprasaath R and Cogswell, Michael and Das, Abhishek and Vedantam, Ramakrishna and Parikh, Devi and Batra, Dhruv},
  booktitle={Proceedings of the IEEE international conference on computer vision},
  pages={618--626},
  year={2017}
}

@article{cov-finetune,
  title={COVID-CT-dataset: a CT scan dataset about COVID-19},
  author={Yang, Xingyi and He, Xuehai and Zhao, Jinyu and Zhang, Yichen and Zhang, Shanghang and Xie, Pengtao},
  journal={arXiv preprint arXiv:2003.13865},
  year={2020}
}

@article{cov-pretrain,
  title={COVID-CT-MD, COVID-19 computed tomography scan dataset applicable in machine learning and deep learning},
  author={Afshar, Parnian and Heidarian, Shahin and Enshaei, Nastaran and Naderkhani, Farnoosh and Rafiee, Moezedin Javad and Oikonomou, Anastasia and Fard, Faranak Babaki and Samimi, Kaveh and Plataniotis, Konstantinos N and Mohammadi, Arash},
  journal={Scientific Data},
  volume={8},
  number={1},
  pages={1--8},
  year={2021},
  publisher={Nature Publishing Group}
}

@article{gb-rads-paper,
  title={Gallbladder reporting and data system (GB-RADS) for risk stratification of gallbladder wall thickening on ultrasonography: an international expert consensus},
  author={Gupta, Pankaj and Dutta, Usha and Rana, Pratyaksha and Singhal, Manphool and Gulati, Ajay and Kalra, Naveen and Soundararajan, Raghuraman and Kalage, Daneshwari and Chhabra, Manika and Sharma, Vishal and others},
  journal={Abdominal Radiology},
  pages={1--12},
  year={2021},
  publisher={Springer}
}