@article{al2020dataset,
  title={Dataset of breast ultrasound images},
  author={Al-Dhabyani, Walid and Gomaa, Mohammed and Khaled, Hussien and Fahmy, Aly},
  journal={Data in brief},
  volume={28},
  pages={104863},
  year={2020},
  publisher={Elsevier}
}

@article{zhou2021ensembled,
  title={Ensembled deep learning model outperforms human experts in diagnosing biliary atresia from sonographic gallbladder images},
  author={Zhou, Wenying and Yang, Yang and Yu, Cheng and Liu, Juxian and Duan, Xingxing and Weng, Zongjie and Chen, Dan and Liang, Qianhong and Fang, Qin and Zhou, Jiaojiao and others},
  journal={Nature communications},
  volume={12},
  number={1},
  pages={1--14},
  year={2021},
  publisher={Nature Publishing Group}
}

@article{gupta2021locally,
  title={Locally advanced gallbladder cancer: a review of the criteria and role of imaging},
  author={Gupta, Pankaj and Meghashyam, Kesha and Marodia, Yashi and Gupta, Vikas and Basher, Rajender and Das, Chandan Krushna and Yadav, Thakur Deen and Irrinki, Santhosh and Nada, Ritambhra and Dutta, Usha},
  journal={Abdominal Radiology},
  volume={46},
  number={3},
  pages={998--1007},
  year={2021},
  publisher={Springer}
}

@article{bo2019diagnostic,
  title={Diagnostic accuracy of imaging modalities in differentiating xanthogranulomatous cholecystitis from gallbladder cancer},
  author={Bo, Xiaobo and Chen, Erbao and Wang, Jie and Nan, Lingxi and Xin, Yanlei and Wang, Changchen and Lu, Qing and Rao, Shengxiang and Pang, Lifang and Li, Min and others},
  journal={Annals of translational medicine},
  volume={7},
  number={22},
  year={2019},
  publisher={AME Publications}
}

@article{gupta2020evaluation,
  title={Evaluation of gallbladder wall thickening: a multimodality imaging approach},
  author={Gupta, Pankaj and Kumar, Maoulik and Sharma, Vishal and Dutta, Usha and Sandhu, Manavjit Singh},
  journal={Expert review of gastroenterology \& hepatology},
  volume={14},
  number={6},
  pages={463--473},
  year={2020},
  publisher={Taylor \& Francis}
}

@article{gupta2020imaging,
  title={Imaging-based algorithmic approach to gallbladder wall thickening},
  author={Gupta, Pankaj and Marodia, Yashi and Bansal, Akash and Kalra, Naveen and Kumar-M, Praveen and Sharma, Vishal and Dutta, Usha and Sandhu, Manavjit Singh},
  journal={World journal of gastroenterology},
  volume={26},
  number={40},
  pages={6163},
  year={2020},
  publisher={Baishideng Publishing Group Inc}
}

@article{ferlay2018global,
  title={Global cancer observatory: cancer today},
  author={Ferlay, Jacques and Ervik, M and Lam, F and Colombet, M and Mery, L and Pi{\~n}eros, M and Znaor, A and Soerjomataram, I and Bray, F},
  journal={Lyon, France: International Agency for Research on Cancer},
  year={2018}
}

@inproceedings{bian2017boundary,
  title={Boundary regularized convolutional neural network for layer parsing of breast anatomy in automated whole breast ultrasound},
  author={Bian, Cheng and Lee, Ran and Chou, Yi-Hong and Cheng, Jie-Zhi},
  booktitle={International Conference on Medical Image Computing and Computer-Assisted Intervention},
  pages={259--266},
  year={2017},
  organization={Springer}
}

@inproceedings{azizi2015ultrasound,
  title={Ultrasound-based detection of prostate cancer using automatic feature selection with deep belief networks},
  author={Azizi, Shekoofeh and Imani, Farhad and Zhuang, Bo and Tahmasebi, Amir and Kwak, Jin Tae and Xu, Sheng and Uniyal, Nishant and Turkbey, Baris and Choyke, Peter and Pinto, Peter and others},
  booktitle={International conference on medical image computing and computer-assisted intervention},
  pages={70--77},
  year={2015},
  organization={Springer}
}

@inproceedings{zhu2020second,
  title={A Second-Order Subregion Pooling Network for Breast Lesion Segmentation in Ultrasound},
  author={Zhu, Lei and Chen, Rongzhen and Fu, Huazhu and Xie, Cong and Wang, Liansheng and Wan, Liang and Heng, Pheng-Ann},
  booktitle={International Conference on Medical Image Computing and Computer-Assisted Intervention},
  pages={160--170},
  year={2020},
  organization={Springer}
}

@inproceedings{ronneberger2015u,
  title={U-net: Convolutional networks for biomedical image segmentation},
  author={Ronneberger, Olaf and Fischer, Philipp and Brox, Thomas},
  booktitle={International Conference on Medical image computing and computer-assisted intervention},
  pages={234--241},
  year={2015},
  organization={Springer}
}

@article{VasiljevicCS16,
  author    = {I. Vasiljevic and
               A. Chakrabarti and
               G. Shakhnarovich},
  title     = {Examining the Impact of Blur on Recognition by Convolutional Networks},
  journal={arXiv:1611.05760},
  year={2016}
}

@inproceedings{ning2020multi,
  title={Multi-scale Gradational-Order Fusion Framework for Breast Lesions Classification Using Ultrasound Images},
  author={Ning, Zhenyuan and Tu, Chao and Xiao, Qing and Luo, Jiaxiu and Zhang, Yu},
  booktitle={International Conference on Medical Image Computing and Computer-Assisted Intervention},
  pages={171--180},
  year={2020},
  organization={Springer}
}

@inproceedings{almajalid2018development,
  title={Development of a deep-learning-based method for breast ultrasound image segmentation},
  author={Almajalid, Rania and Shan, Juan and Du, Yaodong and Zhang, Ming},
  booktitle={2018 17th IEEE International Conference on Machine Learning and Applications (ICMLA)},
  pages={1103--1108},
  year={2018},
  organization={IEEE}
}

@article{becker2018classification,
  title={Classification of breast cancer in ultrasound imaging using a generic deep learning analysis software: a pilot study},
  author={Becker, Anton S and Mueller, Michael and Stoffel, Elina and Marcon, Magda and Ghafoor, Soleen and Boss, Andreas},
  journal={The British journal of radiology},
  volume={91},
  number={xxxx},
  pages={20170576},
  year={2018},
  publisher={The British Institute of Radiology.}
}

@article{han2017deep,
  title={A deep learning framework for supporting the classification of breast lesions in ultrasound images},
  author={Han, Seokmin and Kang, Ho-Kyung and Jeong, Ja-Yeon and Park, Moon-Ho and Kim, Wonsik and Bang, Won-Chul and Seong, Yeong-Kyeong},
  journal={Physics in Medicine \& Biology},
  volume={62},
  number={19},
  pages={7714},
  year={2017},
  publisher={IOP Publishing}
}

@article{yap2018breast,
  title={Breast ultrasound lesions recognition: end-to-end deep learning approaches},
  author={Yap, Moi Hoon and Goyal, Manu and Osman, Fatima M and Mart{\'\i}, Robert and Denton, Erika and Juette, Arne and Zwiggelaar, Reyer},
  journal={Journal of medical imaging},
  volume={6},
  number={1},
  pages={011007},
  year={2018},
  publisher={International Society for Optics and Photonics}
}

@InProceedings{han2020deepdoubly,
author={Han, Xiangmin
and Wang, Jun
and Zhou, Weijun
and Chang, Cai
and Ying, Shihui
and Shi, Jun},
title={Deep Doubly Supervised Transfer Network for Diagnosis of Breast Cancer with Imbalanced Ultrasound Imaging Modalities},
booktitle={Medical Image Computing and Computer Assisted Intervention -- MICCAI},
year={2020},
pages={141--149},
}

@article{lee2018deep,
  title={Deep Learning--Based Computer-Aided Diagnosis System for Localization and Diagnosis of Metastatic Lymph Nodes on Ultrasound: A Pilot Study},
  author={Lee, Jeong Hoon and Baek, Jung Hwan and Kim, Ju Han and Shim, Woo Hyun and Chung, Sae Rom and Choi, Young Jun and Lee, Jeong Hyun},
  journal={Thyroid},
  volume={28},
  number={10},
  pages={1332--1338},
  year={2018},
  publisher={Mary Ann Liebert, Inc., publishers 140 Huguenot Street, 3rd Floor New~â€¦}
}

@article{zhang2019improved,
  title={Improved deep learning network based in combination with cost-sensitive learning for early detection of ovarian cancer in color ultrasound detecting system},
  author={Zhang, Lei and Huang, Jian and Liu, Li},
  journal={Journal of medical systems},
  volume={43},
  number={8},
  pages={1--9},
  year={2019},
  publisher={Springer}
}

@article{li2018improved,
  title={An improved deep learning approach for detection of thyroid papillary cancer in ultrasound images},
  author={Li, Hailiang and Weng, Jian and Shi, Yujian and Gu, Wanrong and Mao, Yijun and Wang, Yonghua and Liu, Weiwei and Zhang, Jiajie},
  journal={Scientific reports},
  volume={8},
  number={1},
  pages={1--12},
  year={2018},
  publisher={Nature Publishing Group}
}

@article{wu2014deep,
  title={Deep learning based classification of focal liver lesions with contrast-enhanced ultrasound},
  author={Wu, Kaizhi and Chen, Xi and Ding, Mingyue},
  journal={Optik},
  volume={125},
  number={15},
  pages={4057--4063},
  year={2014},
  publisher={Elsevier}
}

@inproceedings{hiramatsu2017automated,
  title={Automated detection of masses on whole breast volume ultrasound scanner: false positive reduction using deep convolutional neural network},
  author={Hiramatsu, Yuya and Muramatsu, Chisako and Kobayashi, Hironobu and Hara, Takeshi and Fujita, Hiroshi},
  booktitle={Medical imaging 2017: Computer-aided diagnosis},
  volume={10134},
  pages={101342S},
  year={2017},
  organization={International Society for Optics and Photonics}
}

@article{salomon2008score,
  title={A score-based method for quality control of fetal images at routine second-trimester ultrasound examination},
  author={Salomon, LJ and Winer, N and Bernard, JP and Ville, Y},
  journal={Prenatal Diagnosis: Published in Affiliation With the International Society for Prenatal Diagnosis},
  volume={28},
  number={9},
  pages={822--827},
  year={2008},
  publisher={Wiley Online Library}
}

@article{wullstein2002complications,
  title={Do complications related to laparoscopic cholecystectomy influence the prognosis of gallbladder cancer?},
  author={Wullstein, C and Woeste, G and Barkhausen, S and Gross, E and Hopt, UT},
  journal={Surgical Endoscopy and Other Interventional Techniques},
  volume={16},
  number={5},
  pages={828--832},
  year={2002},
  publisher={Springer}
}

@article{levy2001gallbladder,
  title={Gallbladder carcinoma: radiologic-pathologic correlation},
  author={Levy, Angela D and Murakata, Linda A and Rohrmann Jr, Charles A},
  journal={Radiographics},
  volume={21},
  number={2},
  pages={295--314},
  year={2001},
  publisher={Radiological Society of North America}
}

@article{baiu2018gallbladder,
  title={Gallbladder cancer},
  author={Baiu, Ioana and Visser, Brendan},
  journal={Jama},
  volume={320},
  number={12},
  pages={1294--1294},
  year={2018},
  publisher={American Medical Association}
}

@article{song2019u,
  title={U-Next: A novel convolution neural network with an aggregation U-Net architecture for gallstone segmentation in CT images},
  author={Song, Tao and Meng, Fan and Rodriguez-Paton, Alfonso and Li, Pibao and Zheng, Pan and Wang, Xun},
  journal={IEEE Access},
  volume={7},
  pages={166823--166832},
  year={2019},
  publisher={IEEE}
}

@article{lian2017automatic,
  title={Automatic gallbladder and gallstone regions segmentation in ultrasound image},
  author={Lian, Jing and Ma, Yide and Ma, Yurun and Shi, Bin and Liu, Jizhao and Yang, Zhen and Guo, Yanan},
  journal={International journal of computer assisted radiology and surgery},
  volume={12},
  number={4},
  pages={553--568},
  year={2017},
  publisher={Springer}
}

@article{mangal2020covidaid,
  title={CovidAID: COVID-19 Detection Using Chest X-Ray},
  author={Mangal, Arpan and Kalia, Surya and Rajgopal, Harish and Rangarajan, Krithika and Namboodiri, Vinay and Banerjee, Subhashis and Arora, Chetan},
  journal={arXiv preprint arXiv:2004.09803},
  year={2020}
}

@article{jeong2020deep,
  title={Deep learning-based decision support system for the diagnosis of neoplastic gallbladder polyps on ultrasonography: preliminary results},
  author={Jeong, Younbeom and Kim, Jung Hoon and Chae, Hee-Dong and Park, Sae-Jin and Bae, Jae Seok and Joo, Ijin and Han, Joon Koo},
  journal={Scientific Reports},
  volume={10},
  number={1},
  pages={1--10},
  year={2020},
  publisher={Nature Publishing Group}
}

@article{zeng2020deep,
  title={Deep learning for ultrasound image caption generation based on object detection},
  author={Zeng, Xianhua and Wen, Li and Liu, Banggui and Qi, Xiaojun},
  journal={Neurocomputing},
  volume={392},
  pages={132--141},
  year={2020},
  publisher={Elsevier}
}

@article{bray2018global,
  title={Global cancer statistics 2018: GLOBOCAN estimates of incidence and mortality worldwide for 36 cancers in 185 countries},
  author={Bray, Freddie and Ferlay, Jacques and Soerjomataram, Isabelle and Siegel, Rebecca L and Torre, Lindsey A and Jemal, Ahmedin},
  journal={CA: a cancer journal for clinicians},
  volume={68},
  number={6},
  pages={394--424},
  year={2018},
  publisher={Wiley Online Library}
}

@book{armitage2014abeloff,
  title={Abeloff's Clinical Oncology},
  author={Armitage, James O and Doroshow, James H and Kastan, Michael B and Niederhuber, John E and Tepper, Joel E},
  year={2014},
  publisher={Saunders}
}

@article{howlader2017seer,
  title={SEER cancer statistics review, 1975-2014, National Cancer Institute},
  author={Howlader, NNAM and Noone, AM and Krapcho, M and Miller, D and Bishop, K and Kosary, CL and Yu, M and Ruhl, J and Tatalovich, Z and Mariotto, A and others},
  journal={Bethesda, MD},
  pages={1--12},
  year={2017}
}

@article{choy2018current,
  title={Current applications and future impact of machine learning in radiology},
  author={Choy, Garry and Khalilzadeh, Omid and Michalski, Mark and Do, Synho and Samir, Anthony E and Pianykh, Oleg S and Geis, J Raymond and Pandharipande, Pari V and Brink, James A and Dreyer, Keith J},
  journal={Radiology},
  volume={288},
  number={2},
  pages={318--328},
  year={2018},
  publisher={Radiological Society of North America}
}

@article{zhu2020survival,
  title={Survival analysis of patients with primary gallbladder cancer from 2010 to 2015: A retrospective study based on SEER data},
  author={Zhu, Xiaolei and Zhang, Xiaochang and Hu, Xiao and Ren, Hongyan and Wu, Shenghui and Wu, Jing and Wu, Guoyi and Si, Xiang and Wang, Baohua},
  journal={Medicine},
  volume={99},
  number={40},
  year={2020},
  publisher={Wolters Kluwer Health}
}

@article{allen1991sex,
  title={Sex differences in the corpus callosum of the living human being},
  author={Allen, Laura S and Richey, Mark F and Chai, Yee M and Gorski, Roger A},
  journal={Journal of Neuroscience},
  volume={11},
  number={4},
  pages={933--942},
  year={1991},
  publisher={Soc Neuroscience}
}

@article{weis1993morphometric,
  title={Morphometric analysis of the corpus callosum using MR: correlation of measurements with aging in healthy individuals.},
  author={Weis, Serge and Kimbacher, Melitta and Wenger, Emanuel and Neuhold, Andreas},
  journal={American Journal of Neuroradiology},
  volume={14},
  number={3},
  pages={637--645},
  year={1993},
  publisher={Am Soc Neuroradiology}
}

@article{cowell1993multiple,
  title={Multiple dimensions of handedness and the human corpus callosurn},
  author={Cowell, Patricia E and Kertesz, Andrew and Denenberg, Victor H},
  journal={Neurology},
  volume={43},
  number={11},
  pages={2353--2353},
  year={1993},
  publisher={AAN Enterprises}
}

@article{cheng2017transfer,
  title={Transfer learning with convolutional neural networks for classification of abdominal ultrasound images},
  author={Cheng, Phillip M and Malhi, Harshawn S},
  journal={Journal of digital imaging},
  volume={30},
  number={2},
  pages={234--243},
  year={2017},
  publisher={Springer}
}

@InProceedings{Xie_2018_ECCV_Workshops,
author = {Xie, Yiting and Richmond, David},
title = {Pre-training on Grayscale ImageNet Improves Medical Image Classification},
booktitle = {Proceedings of the European Conference on Computer Vision (ECCV) Workshops},
month = {September},
year = {2018}
}

@article{dobson1978visual,
  title={Visual acuity in human infants: a review and comparison of behavioral and electrophysiological studies},
  author={Dobson, Velma and Teller, Davida Y},
  journal={Vision research},
  volume={18},
  number={11},
  pages={1469--1483},
  year={1978},
  publisher={Elsevier}
}

@article{sokol1978measurement,
  title={Measurement of infant visual acuity from pattern reversal evoked potentials},
  author={Sokol, Samuel},
  journal={Vision research},
  volume={18},
  number={1},
  pages={33--39},
  year={1978},
  publisher={Elsevier}
}

@article{courage1990visual,
  title={Visual acuity assessment from birth to three years using the acuity card procedure: cross-sectional and longitudinal samples.},
  author={Courage, Mary L and Adams, Russell J},
  journal={Optometry and vision science: official publication of the American Academy of Optometry},
  volume={67},
  number={9},
  pages={713--718},
  year={1990}
}

@article{boas1969absence,
  title={Absence of change in some measures of cortical morphology in dark-reared adult rats},
  author={Boas, Judith AR and Ramsey, RL and Riesen, AH and Walker, JP},
  journal={Psychonomic Science},
  volume={15},
  number={5},
  pages={251--252},
  year={1969},
  publisher={Springer}
}

@article{hendrickson1976morphology,
  title={Morphology of the retina and dorsal lateral geniculate nucleus in dark-reared monkeys (Macaca nemestrina)},
  author={Hendrickson, Anita and Boothe, Ronald},
  journal={Vision research},
  volume={16},
  number={5},
  pages={517--IN5},
  year={1976},
  publisher={Elsevier}
}

@article{kwon2016compensation,
  title={Compensation for blur requires increase in field of view and viewing time},
  author={Kwon, MiYoung and Liu, Rong and Chien, Lillian},
  journal={PLoS One},
  volume={11},
  number={9},
  pages={e0162711},
  year={2016},
  publisher={Public Library of Science San Francisco, CA USA}
}

@article{smith2009smile,
  title={Smile through your fear and sadness: transmitting and identifying facial expression signals over a range of viewing distances},
  author={Smith, Fraser W and Schyns, Philippe G},
  journal={Psychological Science},
  volume={20},
  number={10},
  pages={1202--1208},
  year={2009},
  publisher={SAGE Publications Sage CA: Los Angeles, CA}
}

@article{byra2018transfer,
  title={Transfer learning with deep convolutional neural network for liver steatosis assessment in ultrasound images},
  author={Byra, Micha{\l} and Styczynski, Grzegorz and Szmigielski, Cezary and Kalinowski, Piotr and Micha{\l}owski, {\L}ukasz and Paluszkiewicz, Rafa{\l} and Ziarkiewicz-Wr{\'o}blewska, Bogna and Zieniewicz, Krzysztof and Sobieraj, Piotr and Nowicki, Andrzej},
  journal={International journal of computer assisted radiology and surgery},
  volume={13},
  number={12},
  pages={1895--1903},
  year={2018},
  publisher={Springer}
}

@article{solomon2019deep,
  title={Deep unfolded robust PCA with application to clutter suppression in ultrasound},
  author={Solomon, Oren and Cohen, Regev and Zhang, Yi and Yang, Yi and He, Qiong and Luo, Jianwen and van Sloun, Ruud JG and Eldar, Yonina C},
  journal={IEEE transactions on medical imaging},
  volume={39},
  number={4},
  pages={1051--1063},
  year={2019},
  publisher={IEEE}
}

@article{lancet_pancreas,
	title={Deep learning to distinguish pancreatic cancer tissue from non-cancerous pancreatic tissue: a retrospective study with cross-racial external validation},
	author={Bejnordi, Babak Ehteshami and Veta, Mitko and Van Diest, Paul Johannes and Van Ginneken, Bram and Karssemeijer, Nico and Litjens, Geert and Van Der Laak, Jeroen AWM and Hermsen, Meyke and Manson, Quirine F and Balkenhol, Maschenka and others},
	journal={The Lancet Digital Health},
	volume={2},
	number={6},
	pages={303--313},
	year={2020},
}

@article{bejnordi2017diagnostic,
  title={Diagnostic assessment of deep learning algorithms for detection of lymph node metastases in women with breast cancer},
  author={Bejnordi, Babak Ehteshami and Veta, Mitko and Van Diest, Paul Johannes and Van Ginneken, Bram and Karssemeijer, Nico and Litjens, Geert and Van Der Laak, Jeroen AWM and Hermsen, Meyke and Manson, Quirine F and Balkenhol, Maschenka and others},
  journal={Jama},
  volume={318},
  number={22},
  pages={2199--2210},
  year={2017},
  publisher={American Medical Association}
}

@article{han2017breast,
  title={Breast cancer multi-classification from histopathological images with structured deep learning model},
  author={Han, Zhongyi and Wei, Benzheng and Zheng, Yuanjie and Yin, Yilong and Li, Kejian and Li, Shuo},
  journal={Scientific reports},
  volume={7},
  number={1},
  pages={1--10},
  year={2017},
  publisher={Nature Publishing Group}
}

@article{wang2016deep,
  title={Deep learning for identifying metastatic breast cancer},
  author={Wang, Dayong and Khosla, Aditya and Gargeya, Rishab and Irshad, Humayun and Beck, Andrew H},
  journal={arXiv preprint arXiv:1606.05718},
  year={2016}
}

@article{chu2019application,
  title={Application of deep learning to pancreatic cancer detection: Lessons learned from our initial experience},
  author={Chu, Linda C and Park, Seyoun and Kawamoto, Satomi and Wang, Yan and Zhou, Yuyin and Shen, Wei and Zhu, Zhuotun and Xia, Yingda and Xie, Lingxi and Liu, Fengze and others},
  journal={Journal of the American College of Radiology},
  volume={16},
  number={9},
  pages={1338--1342},
  year={2019},
  publisher={Elsevier}
}

@inproceedings{roth2015deep,
  title={Deep convolutional networks for pancreas segmentation in CT imaging},
  author={Roth, Holger R and Farag, Amal and Lu, Le and Turkbey, Evrim B and Summers, Ronald M},
  booktitle={Medical Imaging 2015: Image Processing},
  volume={9413},
  pages={94131G},
  year={2015},
  organization={International Society for Optics and Photonics}
}

@article{codella2017deep,
  title={Deep learning ensembles for melanoma recognition in dermoscopy images},
  author={Codella, Noel CF and Nguyen, Q-B and Pankanti, Sharath and Gutman, David A and Helba, Brian and Halpern, Allan C and Smith, John R},
  journal={IBM Journal of Research and Development},
  volume={61},
  number={4/5},
  pages={5--1},
  year={2017},
  publisher={IBM}
}

@inproceedings{codella2015deep,
  title={Deep learning, sparse coding, and SVM for melanoma recognition in dermoscopy images},
  author={Codella, Noel and Cai, Junjie and Abedini, Mani and Garnavi, Rahil and Halpern, Alan and Smith, John R},
  booktitle={International workshop on machine learning in medical imaging},
  pages={118--126},
  year={2015},
  organization={Springer}
}

@article{li2018skin,
  title={Skin lesion analysis towards melanoma detection using deep learning network},
  author={Li, Yuexiang and Shen, Linlin},
  journal={Sensors},
  volume={18},
  number={2},
  pages={556},
  year={2018},
  publisher={Multidisciplinary Digital Publishing Institute}
}

@article{ardila2019end,
  title={End-to-end lung cancer screening with three-dimensional deep learning on low-dose chest computed tomography},
  author={Ardila, Diego and Kiraly, Atilla P and Bharadwaj, Sujeeth and Choi, Bokyung and Reicher, Joshua J and Peng, Lily and Tse, Daniel and Etemadi, Mozziyar and Ye, Wenxing and Corrado, Greg and others},
  journal={Nature medicine},
  volume={25},
  number={6},
  pages={954--961},
  year={2019},
  publisher={Nature Publishing Group}
}

@article{coudray2018classification,
  title={Classification and mutation prediction from non--small cell lung cancer histopathology images using deep learning},
  author={Coudray, Nicolas and Ocampo, Paolo Santiago and Sakellaropoulos, Theodore and Narula, Navneet and Snuderl, Matija and Feny{\"o}, David and Moreira, Andre L and Razavian, Narges and Tsirigos, Aristotelis},
  journal={Nature medicine},
  volume={24},
  number={10},
  pages={1559--1567},
  year={2018},
  publisher={Nature Publishing Group}
}

@incollection{pytorch,
title = {PyTorch: An Imperative Style, High-Performance Deep Learning Library},
author = {Paszke, Adam and Gross, Sam and Massa, Francisco and Lerer, Adam and Bradbury, James and Chanan, Gregory and Killeen, Trevor and Lin, Zeming and Gimelshein, Natalia and Antiga, Luca and Desmaison, Alban and Kopf, Andreas and Yang, Edward and DeVito, Zachary and Raison, Martin and Tejani, Alykhan and Chilamkurthy, Sasank and Steiner, Benoit and Fang, Lu and Bai, Junjie and Chintala, Soumith},
booktitle = {Advances in Neural Information Processing Systems 32},
pages = {8024--8035},
year = {2019},
publisher = {Curran Associates, Inc.},
}

@software{yolov4code,
  author       = {Alexey and
                  Joseph Redmon and
                  Stefano Sinigardi and
                  cyy and
                  Tino Hager and
                  Vinjn Zhang and
                  Muhammad Maaz and
                  IlyaOvodov and
                  Philip Kahn and
                  Josh Veitch-Michaelis and
                  Aymeric Dujardin and
                  duohappy and
                  acxz and
                  John Aughey and
                  Enes Ã–zipek and
                  Jud White and
                  David Smith and
                  Aven and
                  Tiago Koji Castro Shibata and
                  MosÃ¨ Giordano and
                  Galileo Daras and
                  HagegeR and
                  Bartek GÄ…siorzewski and
                  Ali Babaei and
                  Heethesh Vhavle and
                  Evert Arends and
                  DongChan Cho and
                  Chih-Hsu Lin and
                  Antek Baranski and
                  7FM},
  title        = {AlexeyAB/darknet: YOLOv4 pre-release},
  month        = may,
  year         = 2020,
  publisher    = {Zenodo},
  version      = {darknet\_yolo\_v4\_pre},
  doi          = {10.5281/zenodo.3829035},
  url          = {https://doi.org/10.5281/zenodo.3829035}
}


@article{yolov4,
  title={YOLOv4: Optimal Speed and Accuracy of Object Detection},
  author={Bochkovskiy, Alexey and Wang, Chien-Yao and Liao, Hong-Yuan Mark},
  journal={arXiv preprint arXiv:2004.10934},
  year={2020}
}

@article{mmdetection,
  title   = {{MMDetection}: Open MMLab Detection Toolbox and Benchmark},
  author  = {Chen, Kai and Wang, Jiaqi and Pang, Jiangmiao and Cao, Yuhang and
             Xiong, Yu and Li, Xiaoxiao and Sun, Shuyang and Feng, Wansen and
             Liu, Ziwei and Xu, Jiarui and Zhang, Zheng and Cheng, Dazhi and
             Zhu, Chenchen and Cheng, Tianheng and Zhao, Qijie and Li, Buyu and
             Lu, Xin and Zhu, Rui and Wu, Yue and Dai, Jifeng and Wang, Jingdong
             and Shi, Jianping and Ouyang, Wanli and Loy, Chen Change and Lin, Dahua},
  journal= {arXiv preprint arXiv:1906.07155},
  year={2019}
}


@InProceedings{centripetalnet,
author = {Dong, Zhiwei and Li, Guoxuan and Liao, Yue and Wang, Fei and Ren, Pengju and Qian, Chen},
title = {CentripetalNet: Pursuing High-Quality Keypoint Pairs for Object Detection},
booktitle = {Proceedings of the IEEE/CVF Conference on Computer Vision and Pattern Recognition (CVPR)},
month = {June},
year = {2020}
}

@inproceedings{cornernet,
  title={Cornernet: Detecting objects as paired keypoints},
  author={Law, Hei and Deng, Jia},
  booktitle={Proceedings of the European Conference on Computer Vision (ECCV)},
  pages={734--750},
  year={2018}
}

@inproceedings{panet,
  title={Path aggregation network for instance segmentation},
  author={Liu, Shu and Qi, Lu and Qin, Haifang and Shi, Jianping and Jia, Jiaya},
  booktitle={Proceedings of the IEEE conference on computer vision and pattern recognition},
  pages={8759--8768},
  year={2018}
}

@inproceedings{groupnorm,
  title={Group Normalization},
  author={Wu, Yuxin and He, Kaiming},
  booktitle={Proceedings of the European Conference on Computer Vision (ECCV)},
  year={2018}
}

@inproceedings{hourglassnet,
  title={Stacked hourglass network for robust facial landmark localisation},
  author={Yang, Jing and Liu, Qingshan and Zhang, Kaihua},
  booktitle={Proceedings of the IEEE Conference on Computer Vision and Pattern Recognition Workshops},
  pages={79--87},
  year={2017}
}

@inproceedings{cspnet,
  title={CSPNet: A new backbone that can enhance learning capability of cnn},
  author={Wang, Chien-Yao and Mark Liao, Hong-Yuan and Wu, Yueh-Hua and Chen, Ping-Yang and Hsieh, Jun-Wei and Yeh, I-Hau},
  booktitle={Proceedings of the IEEE/CVF Conference on Computer Vision and Pattern Recognition Workshops},
  pages={390--391},
  year={2020}
}

@inproceedings{bengio2009currlearn,
    author = {Bengio, Yoshua and Louradour, J\'{e}r\^{o}me and Collobert, Ronan and Weston, Jason},
    title = {Curriculum Learning},
    year = {2009},
    publisher = {Association for Computing Machinery},
    address = {New York, NY, USA},
    booktitle = {Proceedings of the 26th Annual International Conference on Machine Learning},
    pages = {41â€“48},
    numpages = {8},
    location = {Montreal, Quebec, Canada},
    series = {ICML '09}
}

@inproceedings{jesson2017cased,
  title={CASED: curriculum adaptive sampling for extreme data imbalance},
  author={Jesson, Andrew and Guizard, Nicolas and Ghalehjegh, Sina Hamidi and Goblot, Damien and Soudan, Florian and Chapados, Nicolas},
  booktitle={International Conference on Medical Image Computing and Computer-Assisted Intervention},
  pages={639--646},
  year={2017},
  organization={Springer}
}

@inproceedings{maicas2018training,
  title={Training medical image analysis systems like radiologists},
  author={Maicas, Gabriel and Bradley, Andrew P and Nascimento, Jacinto C and Reid, Ian and Carneiro, Gustavo},
  booktitle={International Conference on Medical Image Computing and Computer-Assisted Intervention},
  pages={546--554},
  year={2018},
  organization={Springer}
}

@inproceedings{berger2018adaptive,
  title={An adaptive sampling scheme to efficiently train fully convolutional networks for semantic segmentation},
  author={Berger, Lorenz and Eoin, Hyde and Cardoso, M Jorge and Ourselin, S{\'e}bastien},
  booktitle={Annual Conference on Medical Image Understanding and Analysis},
  pages={277--286},
  year={2018},
  organization={Springer}
}

@article{oksuz2019automatic,
  title={Automatic CNN-based detection of cardiac MR motion artefacts using k-space data augmentation and curriculum learning},
  author={Oksuz, Ilkay and Ruijsink, Bram and Puyol-Ant{\'o}n, Esther and Clough, James R and Cruz, Gastao and Bustin, Aurelien and Prieto, Claudia and Botnar, Rene and Rueckert, Daniel and Schnabel, Julia A and others},
  journal={Medical image analysis},
  volume={55},
  pages={136--147},
  year={2019},
  publisher={Elsevier}
}

@inproceedings{wei2021learn,
  title={Learn like a pathologist: curriculum learning by annotator agreement for histopathology image classification},
  author={Wei, Jerry and Suriawinata, Arief and Ren, Bing and Liu, Xiaoying and Lisovsky, Mikhail and Vaickus, Louis and Brown, Charles and Baker, Michael and Nasir-Moin, Mustafa and Tomita, Naofumi and others},
  booktitle={Proceedings of the IEEE/CVF Winter Conference on Applications of Computer Vision},
  pages={2473--2483},
  year={2021}
}

@inproceedings{weinshall2018curriculum,
  title={Curriculum learning by transfer learning: Theory and experiments with deep networks},
  author={Weinshall, Daphna and Cohen, Gad and Amir, Dan},
  booktitle={International Conference on Machine Learning},
  pages={5238--5246},
  year={2018},
  organization={PMLR}
}

@inproceedings{gui2017curriculum,
  title={Curriculum learning for facial expression recognition},
  author={Gui, Liangke and Baltru{\v{s}}aitis, Tadas and Morency, Louis-Philippe},
  booktitle={2017 12th IEEE International Conference on Automatic Face \& Gesture Recognition (FG 2017)},
  pages={505--511},
  year={2017},
  organization={IEEE}
}

@inproceedings{li2020competence,
  title={A competence-aware curriculum for visual concepts learning via question answering},
  author={Li, Qing and Huang, Siyuan and Hong, Yining and Zhu, Song-Chun},
  booktitle={European Conference on Computer Vision},
  pages={141--157},
  year={2020},
  organization={Springer}
}

@inproceedings{tang2018attention,
  title={Attention-guided curriculum learning for weakly supervised classification and localization of thoracic diseases on chest radiographs},
  author={Tang, Yuxing and Wang, Xiaosong and Harrison, Adam P and Lu, Le and Xiao, Jing and Summers, Ronald M},
  booktitle={International Workshop on Machine Learning in Medical Imaging},
  pages={249--258},
  year={2018},
  organization={Springer}
}

@inproceedings{wang2020auto,
  title={Auto-weighting for breast cancer classification in multimodal ultrasound},
  author={Wang, Jian and Miao, Juzheng and Yang, Xin and Li, Rui and Zhou, Guangquan and Huang, Yuhao and Lin, Zehui and Xue, Wufeng and Jia, Xiaohong and Zhou, Jianqiao and others},
  booktitle={MICCAI},
  pages={190--199},
  year={2020},
  organization={Springer}
}

@inproceedings{yu2020computer,
  title={Computer-aided Tumor Diagnosis in Automated Breast Ultrasound using 3D Detection Network},
  author={Yu, Junxiong and Chen, Chaoyu and Yang, Xin and Wang, Yi and Yan, Dan and Zhang, Jianxing and Ni, Dong},
  booktitle={MICCAI},
  pages={181--189},
  year={2020},
  organization={Springer}
}

@inproceedings{zoumpourlis2017non,
  title={Non-linear convolution filters for cnn-based learning},
  author={Zoumpourlis, Georgios and Doumanoglou, Alexandros and Vretos, Nicholas and Daras, Petros},
  booktitle={Proceedings of the IEEE international conference on computer vision},
  pages={4761--4769},
  year={2017}
}

@article{fan2020inf,
  title={Inf-net: Automatic covid-19 lung infection segmentation from ct images},
  author={Fan, Deng-Ping and Zhou, Tao and Ji, Ge-Peng and Zhou, Yi and Chen, Geng and Fu, Huazhu and Shen, Jianbing and Shao, Ling},
  journal={IEEE Transactions on Medical Imaging},
  volume={39},
  number={8},
  pages={2626--2637},
  year={2020},
  publisher={IEEE}
}

@inproceedings{yu15multi,
  author={Yu, Fisher and Koltun, Vladlen},
  title={Multi-Scale Context Aggregation by Dilated Convolutions},
  booktitle={4th International Conference on Learning Representations (ICLR)},
  year={2016}
}

@article{res2net,
  author={Gao, Shang-Hua and Cheng, Ming-Ming and Zhao, Kai and Zhang, Xin-Yu and Yang, Ming-Hsuan and Torr, Philip},
  journal={IEEE Transactions on Pattern Analysis and Machine Intelligence}, 
  title={Res2Net: A New Multi-Scale Backbone Architecture}, 
  year={2021},
  volume={43},
  number={2},
  pages={652-662}
}

@inproceedings{
    chen2019biglittle,
    title={{Big-Little Net: An Efficient Multi-Scale Feature Representation for Visual and Speech Recognition}},
    author={Chen, Chun-Fu and Fan, Quanfu and Mallinar, Neil and Sercu, Tom and Feris, Rogerio},
    booktitle={International Conference on Learning Representations},
    year={2019}
}

@inproceedings{cheng2019high,
  title={High frequency residual learning for multi-scale image classification},
  author={Cheng, Bowen and Xiao, Rong and Wang, Jianfeng and Huang, Thomas and Zhang, Lei},
  booktitle={30th British Machine Vision Conference, BMVC 2019},
  year={2019}
}

@inproceedings{gao2019global,
  title={Global second-order pooling convolutional networks},
  author={Gao, Zilin and Xie, Jiangtao and Wang, Qilong and Li, Peihua},
  booktitle={IEEE Conference on Computer Vision and Pattern Recognition},
  pages={3024--3033},
  year={2019}
}

@inproceedings{li2017second,
  title={Is second-order information helpful for large-scale visual recognition?},
  author={Li, Peihua and Xie, Jiangtao and Wang, Qilong and Zuo, Wangmeng},
  booktitle={IEEE international conference on computer vision},
  pages={2070--2078},
  year={2017}
}

@inproceedings{eccv2020_devil_in_classification,
  title={The devil is in classification: A simple framework for long-tail instance segmentation},
  author={Wang, Tao and Li, Yu and Kang, Bingyi and Li, Junnan and Liew, Junhao and Tang, Sheng and Hoi, Steven and Feng, Jiashi},
  booktitle={European Conference on computer vision},
  pages={728--744},
  year={2020},
  organization={Springer}
}


@InProceedings{mun1,
    author="Muneeswaran, V.
    and Pallikonda Rajasekaran, M.",
    title="Automatic Segmentation of Gallbladder Using Intuitionistic Fuzzy Based Active Contour Model",
    booktitle="Microelectronics, Electromagnetics and Telecommunications",
    year="2019",
    publisher="Springer Singapore",
    address="Singapore",
    pages="651--658", 
    isbn="978-981-13-1906-8"
}

@article{mishra2018ultrasound,
  title={Ultrasound image segmentation: a deeply supervised network with attention to boundaries},
  author={Mishra, Deepak and Chaudhury, Santanu and Sarkar, Mukul and Soin, Arvinder Singh},
  journal={IEEE Transactions on Biomedical Engineering},
  volume={66},
  number={6},
  pages={1637--1648},
  year={2018},
  publisher={IEEE}
}

@article{chen2020computer,
  title={Computer-aided diagnosis of gallbladder polyps based on high resolution ultrasonography},
  author={Chen, Tao and Tu, Shaoxiong and Wang, Haolu and Liu, Xuesong and Li, Fenghua and Jin, Wang and Liang, Xiaowen and Zhang, Xiaoqun and Wang, Jian},
  journal={Computer methods and programs in biomedicine},
  volume={185},
  pages={105118},
  year={2020},
  publisher={Elsevier}
}

@article{song2019u,
  title={U-Next: A novel convolution neural network with an aggregation U-Net architecture for gallstone segmentation in CT images},
  author={Song, Tao and Meng, Fan and Rodriguez-Paton, Alfonso and Li, Pibao and Zheng, Pan and Wang, Xun},
  journal={IEEE Access},
  volume={7},
  pages={166823--166832},
  year={2019},
  publisher={IEEE}
}

@article{zeng2018understanding,
  title={Understanding and generating ultrasound image description},
  author={Zeng, Xian-Hua and Liu, Bang-Gui and Zhou, Meng},
  journal={Journal of Computer Science and Technology},
  volume={33},
  number={5},
  pages={1086--1100},
  year={2018},
  publisher={Springer}
}

@article{pang2019novel,
  title={A novel YOLOv3-arch model for identifying cholelithiasis and classifying gallstones on CT images},
  author={Pang, Shanchen and Ding, Tong and Qiao, Sibo and Meng, Fan and Wang, Shuo and Li, Pibao and Wang, Xun},
  journal={PloS one},
  volume={14},
  number={6},
  pages={e0217647},
  year={2019},
  publisher={Public Library of Science San Francisco, CA USA}
}

@article{cao2019experimental,
  title={An experimental study on breast lesion detection and classification from ultrasound images using deep learning architectures},
  author={Cao, Zhantao and Duan, Lixin and Yang, Guowu and Yue, Ting and Chen, Qin},
  journal={BMC medical imaging},
  volume={19},
  number={1},
  pages={51},
  year={2019},
  publisher={BioMed Central}
}

@article{lian2017automatic,
  title={Automatic gallbladder and gallstone regions segmentation in ultrasound image},
  author={Lian, Jing and Ma, Yide and Ma, Yurun and Shi, Bin and Liu, Jizhao and Yang, Zhen and Guo, Yanan},
  journal={International journal of computer assisted radiology and surgery},
  volume={12},
  number={4},
  pages={553--568},
  year={2017},
  publisher={Springer}
}

@String(PAMI  = {IEEE TPAMI})
@String(IJCV  = {IJCV})
@String(CVPR  = {CVPR})
@String(ICCV  = {ICCV})
@String(ECCV  = {ECCV})
@String(NIPS  = {NeurIPS})
@String(ICPR  = {ICPR})
@String(BMVC  =	{BMVC})
@String(TOG   = {ACM TOG})
@String(TIP   = {IEEE TIP})
@String(TVCG  = {IEEE TVCG})
@String(TCSVT = {IEEE TCSVT})
@String(TMM   =	{IEEE TMM})
@String(ACMMM = {ACM MM})
@String(ICME  =	{ICME})
@String(ICASSP=	{ICASSP})
@String(ICIP  = {ICIP})
@String(ACCV  = {ACCV})
@String(ICLR  = {ICLR})
@String(IJCAI = {IJCAI})
@String(PR = {PR})
@String(AAAI = {AAAI})
@String(CVPRW= {CVPRW})
@String(CSVT = {IEEE TCSVT})



@String(PAMI = {IEEE Trans. Pattern Anal. Mach. Intell.})
@String(IJCV = {Int. J. Comput. Vis.})
@String(CVPR= {IEEE Conf. Comput. Vis. Pattern Recog.})
@String(ICCV= {Int. Conf. Comput. Vis.})
@String(ECCV= {Eur. Conf. Comput. Vis.})
@String(NIPS= {Adv. Neural Inform. Process. Syst.})
@String(ICPR = {Int. Conf. Pattern Recog.})
@String(BMVC= {Brit. Mach. Vis. Conf.})
@String(TOG= {ACM Trans. Graph.})
@String(TIP  = {IEEE Trans. Image Process.})
@String(TVCG  = {IEEE Trans. Vis. Comput. Graph.})
@String(TMM  = {IEEE Trans. Multimedia})
@String(ACMMM= {ACM Int. Conf. Multimedia})
@String(ICME = {Int. Conf. Multimedia and Expo})
@String(ICASSP=	{ICASSP})
@String(ICIP = {IEEE Int. Conf. Image Process.})
@String(ACCV  = {ACCV})
@String(ICLR = {Int. Conf. Learn. Represent.})
@String(IJCAI = {IJCAI})
@String(PR   = {Pattern Recognition})
@String(AAAI = {AAAI})
@String(CVPRW= {IEEE Conf. Comput. Vis. Pattern Recog. Worksh.})
@String(CSVT = {IEEE Trans. Circuit Syst. Video Technol.})

@String(SPL	= {IEEE Sign. Process. Letters})
@String(VR   = {Vis. Res.})
@String(JOV	 = {J. Vis.})
@String(TVC  = {The Vis. Comput.})
@String(JCST  = {J. Comput. Sci. Tech.})
@String(CGF  = {Comput. Graph. Forum})
@String(CVM = {Computational Visual Media})



@misc{Authors14,
 author = {FirstName LastName},
 title = {The frobnicatable foo filter},
 note = {Face and Gesture  submission ID 324. Supplied as additional material {\tt fg324.pdf}},
 year = 2014
}

@misc{Authors14b,
 author = {FirstName LastName},
 title = {Frobnication tutorial},
 note = {Supplied as additional material {\tt tr.pdf}},
 year = 2014
}

@article{Alpher02,
author = {FirstName Alpher},
title = {Frobnication},
journal = PAMI,
volume = 12, 
number = 1, 
pages = {234--778}, 
year = 2002
}

@article{Alpher03,
author = {FirstName Alpher and  FirstName Fotheringham-Smythe},
title = {Frobnication revisited},
journal = {Journal of Foo},
volume = 13, 
number = 1, 
pages = {234--778}, 
year = 2003
}

@article{Alpher04,
author = {FirstName Alpher and FirstName Fotheringham-Smythe and FirstName Gamow},
title = {Can a machine frobnicate?},
journal = {Journal of Foo},
volume = 14, 
number = 1, 
pages = {234--778}, 
year = 2004
}

%DL
@article{litjens2017dlmedical,
  title={A survey on deep learning in medical image analysis},
  author={Litjens, Geert and Kooi, Thijs and Bejnordi, Babak Ehteshami and Setio, Arnaud Arindra Adiyoso and Ciompi, Francesco and Ghafoorian, Mohsen and Van Der Laak, Jeroen Awm and Van Ginneken, Bram and S{\'a}nchez, Clara I},
  journal={Medical image analysis},
  volume={42},
  pages={60--88},
  year={2017},
  publisher={Elsevier}
}


%GB
@article{yuan2018gbcManual,
  title={Contrast-enhanced ultrasonography in differential diagnosis of focal gallbladder adenomyomatosis and gallbladder cancer},
  author={Yuan, Hai-Xia and Wang, Wen-Ping and Guan, Pei-Shan and Lin, Le-Wu and Wen, Jie-Xian and Yu, Qing and Chen, Xue-Jun},
  journal={Clinical Hemorheology and Microcirculation},
  volume={70},
  number={2},
  pages={201--211},
  year={2018},
  publisher={IOS Press}
}

@article{gbAutomatic,
  title={Automatic gallbladder and gallstone regions segmentation in ultrasound image},
  author={Lian, Jing and Ma, Yide and Ma, Yurun and Shi, Bin and Liu, Jizhao and Yang, Zhen and Guo, Yanan},
  journal={International journal of computer assisted radiology and surgery},
  volume={12},
  number={4},
  pages={553--568},
  year={2017},
  publisher={Springer}
}
@article{song2019gbSegment,
  title={U-Next: A novel convolution neural network with an aggregation U-Net architecture for gallstone segmentation in CT images},
  author={Song, Tao and Meng, Fan and Rodriguez-Paton, Alfonso and Li, Pibao and Zheng, Pan and Wang, Xun},
  journal={IEEE Access},
  volume={7},
  pages={166823--166832},
  year={2019},
  publisher={IEEE}
}

@article{gbYolo,
  title={A novel YOLOv3-arch model for identifying cholelithiasis and classifying gallstones on CT images},
  author={Pang, Shanchen and Ding, Tong and Qiao, Sibo and Meng, Fan and Wang, Shuo and Li, Pibao and Wang, Xun},
  journal={PloS one},
  volume={14},
  number={6},
  pages={e0217647},
  year={2019},
  publisher={Public Library of Science San Francisco, CA USA}
}

@article{gbPolyp,
  title={Computer-aided diagnosis of gallbladder polyps based on high resolution ultrasonography},
  author={Chen, Tao and Tu, Shaoxiong and Wang, Haolu and Liu, Xuesong and Li, Fenghua and Jin, Wang and Liang, Xiaowen and Zhang, Xiaoqun and Wang, Jian},
  journal={Computer methods and programs in biomedicine},
  volume={185},
  pages={105118},
  year={2020},
  publisher={Elsevier}
}

@article{gbPolyp2,
  title={Deep learning-based decision support system for the diagnosis of neoplastic gallbladder polyps on ultrasonography: preliminary results},
  author={Jeong, Younbeom and Kim, Jung Hoon and Chae, Hee-Dong and Park, Sae-Jin and Bae, Jae Seok and Joo, Ijin and Han, Joon Koo},
  journal={Scientific Reports},
  volume={10},
  number={1},
  pages={1--10},
  year={2020},
  publisher={Nature Publishing Group}
}


%US applications
@article{cao2019BreastLesion,
  title={An experimental study on breast lesion detection and classification from ultrasound images using deep learning architectures},
  author={Cao, Zhantao and Duan, Lixin and Yang, Guowu and Yue, Ting and Chen, Qin},
  journal={BMC medical imaging},
  volume={19},
  number={1},
  pages={51},
  year={2019},
  publisher={BioMed Central}
}

@article{al2019BreastGAN,
  title={Deep learning approaches for data augmentation and classification of breast masses using ultrasound images},
  author={Al-Dhabyani, Walid and Gomaa, Mohammed and Khaled, Hussien and Aly, Fahmy},
  journal={Int. J. Adv. Comput. Sci. Appl},
  volume={10},
  number={5},
  pages={1--11},
  year={2019}
}

@inproceedings{sobhaninia2019FetalHC,
  title={Fetal ultrasound image segmentation for measuring biometric parameters using multi-task deep learning},
  author={Sobhaninia, Zahra and Rafiei, Shima and Emami, Ali and Karimi, Nader and Najarian, Kayvan and Samavi, Shadrokh and Soroushmehr, SM Reza},
  booktitle={2019 41st Annual International Conference of the IEEE Engineering in Medicine and Biology Society (EMBC)},
  pages={6545--6548},
  year={2019},
  organization={IEEE}
}

@inproceedings{budd2019FetalHC,
  title={Confident head circumference measurement from ultrasound with real-time feedback for sonographers},
  author={Budd, Samuel and Sinclair, Matthew and Khanal, Bishesh and Matthew, Jacqueline and Lloyd, David and Gomez, Alberto and Toussaint, Nicolas and Robinson, Emma C and Kainz, Bernhard},
  booktitle={International Conference on Medical Image Computing and Computer-Assisted Intervention},
  pages={683--691},
  year={2019},
  organization={Springer}
}

@article{baumgartner2017PlaneDetection,
  title={SonoNet: real-time detection and localisation of fetal standard scan planes in freehand ultrasound},
  author={Baumgartner, Christian F and Kamnitsas, Konstantinos and Matthew, Jacqueline and Fletcher, Tara P and Smith, Sandra and Koch, Lisa M and Kainz, Bernhard and Rueckert, Daniel},
  journal={IEEE transactions on medical imaging},
  volume={36},
  number={11},
  pages={2204--2215},
  year={2017},
  publisher={IEEE}
}

@article{mishra2018USSegmentation,
  title={Ultrasound image segmentation: a deeply supervised network with attention to boundaries},
  author={Mishra, Deepak and Chaudhury, Santanu and Sarkar, Mukul and Soin, Arvinder Singh},
  journal={IEEE Transactions on Biomedical Engineering},
  volume={66},
  number={6},
  pages={1637--1648},
  year={2018},
  publisher={IEEE}
}

@inproceedings{xie2018GrayscalePretraining,
  title={Pre-training on grayscale ImageNet improves medical image classification},
  author={Xie, Yiting and Richmond, David},
  booktitle={Proceedings of the European Conference on Computer Vision (ECCV)},
  pages={0--0},
  year={2018}
}

@article{liu2020Gastric,
  title={Fine-tuning pre-trained convolutional neural networks for gastric precancerous disease classification on magnification narrow-band imaging images},
  author={Liu, Xiaoqi and Wang, Chengliang and Bai, Jianying and Liao, Guobin},
  journal={Neurocomputing},
  volume={392},
  pages={253--267},
  year={2020},
  publisher={Elsevier}
}

%Methods
@article{sirinukunwattana2016locality,
  title={Locality sensitive deep learning for detection and classification of nuclei in routine colon cancer histology images},
  author={Sirinukunwattana, Korsuk and Raza, Shan E Ahmed and Tsang, Yee-Wah and Snead, David RJ and Cree, Ian A and Rajpoot, Nasir M},
  journal={IEEE transactions on medical imaging},
  volume={35},
  number={5},
  pages={1196--1206},
  year={2016},
  publisher={IEEE}
}

%ROI

@article{ribli2018detecting,
  title={Detecting and classifying lesions in mammograms with deep learning},
  author={Ribli, Dezs{\H{o}} and Horv{\'a}th, Anna and Unger, Zsuzsa and Pollner, P{\'e}ter and Csabai, Istv{\'a}n},
  journal={Scientific reports},
  volume={8},
  number={1},
  pages={1--7},
  year={2018},
  publisher={Nature Publishing Group}
}

@incollection{fasterrcnn,
title = {Faster R-CNN: Towards Real-Time Object Detection with Region Proposal Networks},
author = {Ren, Shaoqing and He, Kaiming and Girshick, Ross and Sun, Jian},
booktitle = {Advances in Neural Information Processing Systems 28},
editor = {C. Cortes and N. D. Lawrence and D. D. Lee and M. Sugiyama and R. Garnett},
pages = {91--99},
year = {2015},
publisher = {Curran Associates, Inc.},
}

@inproceedings{reppoints,
  title={RepPoints: Point Set Representation for Object Detection},
  author={Yang, Ze and Liu, Shaohui and Hu, Han and Wang, Liwei and Lin, Stephen},
  booktitle={The IEEE International Conference on Computer Vision (ICCV)},
  month={Oct},
  year={2019}
}

@inproceedings{efficientdet,
  title={Efficientdet: Scalable and efficient object detection},
  author={Tan, Mingxing and Pang, Ruoming and Le, Quoc V},
  booktitle={Proc. IEEE CVPR},
  pages={10781--10790},
  year={2020}
}

@inproceedings{retinanet,
  title={Focal loss for dense object detection},
  author={Lin, Tsung-Yi and Goyal, Priya and Girshick, Ross and He, Kaiming and Doll{\'a}r, Piotr},
  booktitle={Proc. IEEE ICCV},
  pages={2980--2988},
  year={2017}
}

%Classifier
@inproceedings{inception,
  title={Rethinking the inception architecture for computer vision},
  author={Szegedy, Christian and Vanhoucke, Vincent and Ioffe, Sergey and Shlens, Jon and Wojna, Zbigniew},
  booktitle={Proceedings of the IEEE conference on computer vision and pattern recognition},
  pages={2818--2826},
  year={2016}
}


@inproceedings{resnet,
  title={Deep residual learning for image recognition},
  author={He, Kaiming and Zhang, Xiangyu and Ren, Shaoqing and Sun, Jian},
  booktitle={Proceedings of the IEEE conference on computer vision and pattern recognition},
  pages={770--778},
  year={2016}
}

@article{vgg,
  title={Very deep convolutional networks for large-scale image recognition},
  author={Simonyan, Karen and Zisserman, Andrew},
  journal={arXiv preprint arXiv:1409.1556},
  year={2014}
}


@inproceedings{gradcam,
  title={Grad-cam: Visual explanations from deep networks via gradient-based localization},
  author={Selvaraju, Ramprasaath R and Cogswell, Michael and Das, Abhishek and Vedantam, Ramakrishna and Parikh, Devi and Batra, Dhruv},
  booktitle={Proceedings of the IEEE international conference on computer vision},
  pages={618--626},
  year={2017}
}

%Acuity and texture
@article{geirhos2018Texture,
  title={ImageNet-trained CNNs are biased towards texture; increasing shape bias improves accuracy and robustness},
  author={Geirhos, Robert and Rubisch, Patricia and Michaelis, Claudio and Bethge, Matthias and Wichmann, Felix A and Brendel, Wieland},
  journal={arXiv preprint arXiv:1811.12231},
  year={2018}
}

@article{brendel2019BagOfFeatures,
  title={Approximating cnns with bag-of-local-features models works surprisingly well on imagenet},
  author={Brendel, Wieland and Bethge, Matthias},
  journal={arXiv preprint arXiv:1904.00760},
  year={2019}
}

@article{vogelsang2018VisualAcuity,
  title={Potential downside of high initial visual acuity},
  author={Vogelsang, Lukas and Gilad-Gutnick, Sharon and Ehrenberg, Evan and Yonas, Albert and Diamond, Sidney and Held, Richard and Sinha, Pawan},
  journal={Proceedings of the National Academy of Sciences},
  volume={115},
  number={44},
  pages={11333--11338},
  year={2018},
  publisher={National Acad Sciences}
}

@misc{sinha2020curriculumBySmoothing,
      title={Curriculum By Smoothing}, 
      author={Samarth Sinha and Animesh Garg and Hugo Larochelle},
      year={2020},
      eprint={2003.01367},
      archivePrefix={arXiv},
      primaryClass={cs.LG}
}

@article{azad2020textureDoG,
  title={On the Texture Bias for Few-Shot CNN Segmentation},
  author={Azad, Reza and Fayjie, Abdur R and Kauffman, Claude and Ayed, Ismail Ben and Pedersoli, Marco and Dolz, Jose},
  journal={arXiv preprint arXiv:2003.04052},
  year={2020}
}

%ROI Implementation

@misc{coco,
      title={Microsoft COCO: Common Objects in Context}, 
      author={Tsung-Yi Lin and Michael Maire and Serge Belongie and Lubomir Bourdev and Ross Girshick and James Hays and Pietro Perona and Deva Ramanan and C. Lawrence Zitnick and Piotr DollÃ¡r},
      year={2015},
      eprint={1405.0312},
      archivePrefix={arXiv},
      primaryClass={cs.CV}
}

@inproceedings{imagenet,
        AUTHOR = {Deng, J. and Dong, W. and Socher, R. and Li, L.-J. and Li, K. and Fei-Fei, L.},
        TITLE = {{ImageNet: A Large-Scale Hierarchical Image Database}},
        BOOKTITLE = {CVPR09},
        YEAR = {2009},
        BIBSOURCE = "http://www.image-net.org/papers/imagenet_cvpr09.bib"}


%Others in Methods Section
@article{alzubaidi2020transferlearning,
  title={Towards a better understanding of transfer learning for medical imaging: a case study},
  author={Alzubaidi, Laith and Fadhel, Mohammed A and Al-Shamma, Omran and Zhang, Jinglan and Santamar{\'\i}a, J and Duan, Ye and Oleiwi, Sameer R},
  journal={Applied Sciences},
  volume={10},
  number={13},
  pages={4523},
  year={2020},
  publisher={Multidisciplinary Digital Publishing Institute}
}

% Smaller RF learns texture
@article{hermann2020origins,
  title={The origins and prevalence of texture bias in convolutional neural networks},
  author={Hermann, Katherine and Chen, Ting and Kornblith, Simon},
  journal={Advances in Neural Information Processing Systems},
  volume={33},
  year={2020}
}

% Artifacts in USG
@article{kremkau1986artifacts,
  title={Artifacts in ultrasound imaging.},
  author={Kremkau, Frederick W and Taylor, KJ},
  journal={Journal of ultrasound in medicine},
  volume={5},
  number={4},
  pages={227--237},
  year={1986},
  publisher={Wiley Online Library}
}

@article{hindi2013artifacts,
  title={Artifacts in diagnostic ultrasound},
  author={Hindi, Ammar and Peterson, Cynthia and Barr, Richard G},
  journal={Reports in Medical Imaging},
  volume={6},
  pages={29--48},
  year={2013},
  publisher={Dove Press}
}

@article{skolnick1975common,
  title={Common artifacts in ultrasound scanning},
  author={Skolnick, M Leon and Meire, Hylton B and Lecky, James W},
  journal={Journal of Clinical Ultrasound},
  volume={3},
  number={4},
  pages={273--280},
  year={1975},
  publisher={Wiley Online Library}
}

@article{russell2008labelme,
  title={LabelMe: a database and web-based tool for image annotation},
  author={Russell, Bryan C and Torralba, Antonio and Murphy, Kevin P and Freeman, William T},
  journal={International journal of computer vision},
  volume={77},
  number={1-3},
  pages={157--173},
  year={2008},
  publisher={Springer}
}

@inproceedings{yang2020fda,
  title={Fda: Fourier domain adaptation for semantic segmentation},
  author={Yang, Yanchao and Soatto, Stefano},
  booktitle={Proceedings of the IEEE/CVF Conference on Computer Vision and Pattern Recognition},
  pages={4085--4095},
  year={2020}
}

@article{randi2006gallbladder,
  title={Gallbladder cancer worldwide: geographical distribution and risk factors},
  author={Randi, Giorgia and Franceschi, Silvia and La Vecchia, Carlo},
  journal={International journal of cancer},
  volume={118},
  number={7},
  pages={1591--1602},
  year={2006},
  publisher={Wiley Online Library}
}

@article{waterhousej1976cancer,
  title={Cancer Incidence in Five Continents, Vol. III},
  author={WaterhouseJ, MuirC and CorreaP, PowellJ},
  journal={IARC scientific publication},
  number={42},
  year={1976}
}

@article{batra2005gallbladder,
  title={Gallbladder cancer in India: a dismal picture},
  author={Batra, Yogesh and Pal, Sujoy and Dutta, Usha and Desai, Premal and Garg, Pramod Kumar and Makharia, Govind and Ahuja, Vineet and Pande, Girish Kumar and Sahni, Peush and Chattopadhyay, TK and others},
  journal={Journal of gastroenterology and hepatology},
  volume={20},
  number={2},
  pages={309--314},
  year={2005},
  publisher={Wiley Online Library}
}

@article{rustagi2012risk,
  title={Risk factors for gallbladder cancer and cholangiocarcinoma: similarities, differences and updates},
  author={Rustagi, Tarun and Dasanu, Constantin A},
  journal={Journal of gastrointestinal cancer},
  volume={43},
  number={2},
  pages={137--147},
  year={2012},
  publisher={Springer}
}

@article{attili1995natural,
  title={The natural history of gallstones: the GREPCO experience},
  author={Attili, Adolfo Francesco and De Santis, Adriano and Capri, Rita and Repice, Anna Maria and Maselli, Silvana and Group, Grepco},
  journal={Hepatology},
  volume={21},
  number={3},
  pages={656--660},
  year={1995},
  publisher={Wiley Online Library}
}

@article{ezzat1994thyroid,
  title={Thyroid incidentalomas: prevalence by palpation and ultrasonography},
  author={Ezzat, Shereen and Sarti, Dennis A and Cain, Delver R and Braunstein, Glenn D},
  journal={Archives of internal medicine},
  volume={154},
  number={16},
  pages={1838--1840},
  year={1994},
  publisher={American Medical Association}
}

@article{smith2013risk,
  title={Risk of thyroid cancer based on thyroid ultrasound imaging characteristics: results of a population-based study},
  author={Smith-Bindman, Rebecca and Lebda, Paulette and Feldstein, Vickie A and Sellami, Dorra and Goldstein, Ruth B and Brasic, Natasha and Jin, Chengshi and Kornak, John},
  journal={JAMA internal medicine},
  volume={173},
  number={19},
  pages={1788--1795},
  year={2013},
  publisher={American Medical Association}
}

@article{nam2004ultrasonography,
  title={Ultrasonography-guided fine-needle aspiration of thyroid incidentaloma: correlation with pathological findings},
  author={Nam-Goong, Il Seong and Kim, Ha Young and Gong, Gyungyub and Lee, Ho Kyu and Hong, Suck Joon and Kim, Won Bae and Shong, Young Kee},
  journal={Clinical endocrinology},
  volume={60},
  number={1},
  pages={21--28},
  year={2004},
  publisher={Wiley Online Library}
}

@article{grant2015thyroid,
  title={Thyroid ultrasound reporting lexicon: white paper of the ACR thyroid imaging, reporting and data system (TIRADS) committee},
  author={Grant, Edward G and Tessler, Franklin N and Hoang, Jenny K and Langer, Jill E and Beland, Michael D and Berland, Lincoln L and Cronan, John J and Desser, Terry S and Frates, Mary C and Hamper, Ulrike M and others},
  journal={Journal of the American college of radiology},
  volume={12},
  number={12},
  pages={1272--1279},
  year={2015},
  publisher={Elsevier}
}

@article{hoang2018interobserver,
  title={Interobserver variability of sonographic features used in the American College of Radiology Thyroid Imaging Reporting and Data System},
  author={Hoang, Jenny K and Middleton, William D and Farjat, Alfredo E and Teefey, Sharlene A and Abinanti, Nicole and Boschini, Fernando J and Bronner, Abraham J and Dahiya, Nirvikar and Hertzberg, Barbara S and Newman, Justin R and others},
  journal={American Journal of Roentgenology},
  volume={211},
  number={1},
  pages={162--167},
  year={2018},
  publisher={Am Roentgen Ray Soc}
}

@article{litjens2017survey,
  title={A survey on deep learning in medical image analysis},
  author={Litjens, Geert and Kooi, Thijs and Bejnordi, Babak Ehteshami and Setio, Arnaud Arindra Adiyoso and Ciompi, Francesco and Ghafoorian, Mohsen and Van Der Laak, Jeroen Awm and Van Ginneken, Bram and S{\'a}nchez, Clara I},
  journal={Medical image analysis},
  volume={42},
  pages={60--88},
  year={2017},
  publisher={Elsevier}
}

@inproceedings{chen2018train,
  title={Train a 3D U-Net to segment cranial vasculature in CTA volume without manual annotation},
  author={Chen, Xuhui and Lu, Yi and Bai, Junjie and Yin, Youbing and Cao, Kunlin and Li, Yuwei and Chen, Hanbo and Song, Qi and Wu, Jun},
  booktitle={2018 IEEE 15th International Symposium on Biomedical Imaging (ISBI 2018)},
  pages={559--563},
  year={2018},
  organization={IEEE}
}

@article{havaei2017brain,
  title={Brain tumor segmentation with deep neural networks},
  author={Havaei, Mohammad and Davy, Axel and Warde-Farley, David and Biard, Antoine and Courville, Aaron and Bengio, Yoshua and Pal, Chris and Jodoin, Pierre-Marc and Larochelle, Hugo},
  journal={Medical image analysis},
  volume={35},
  pages={18--31},
  year={2017},
  publisher={Elsevier}
}

@article{kamnitsas2017efficient,
  title={Efficient multi-scale 3D CNN with fully connected CRF for accurate brain lesion segmentation},
  author={Kamnitsas, Konstantinos and Ledig, Christian and Newcombe, Virginia FJ and Simpson, Joanna P and Kane, Andrew D and Menon, David K and Rueckert, Daniel and Glocker, Ben},
  journal={Medical image analysis},
  volume={36},
  pages={61--78},
  year={2017},
  publisher={Elsevier}
}

@article{avendi2016combined,
  title={A combined deep-learning and deformable-model approach to fully automatic segmentation of the left ventricle in cardiac MRI},
  author={Avendi, MR and Kheradvar, Arash and Jafarkhani, Hamid},
  journal={Medical image analysis},
  volume={30},
  pages={108--119},
  year={2016},
  publisher={Elsevier}
}

@inproceedings{sun2020saunet,
  title={Saunet: Shape attentive u-net for interpretable medical image segmentation},
  author={Sun, Jesse and Darbehani, Fatemeh and Zaidi, Mark and Wang, Bo},
  booktitle={International Conference on Medical Image Computing and Computer-Assisted Intervention},
  pages={797--806},
  year={2020},
  organization={Springer}
}

@article{singh2020explainable,
  title={Explainable deep learning models in medical image analysis},
  author={Singh, Amitojdeep and Sengupta, Sourya and Lakshminarayanan, Vasudevan},
  journal={Journal of Imaging},
  volume={6},
  number={6},
  pages={52},
  year={2020},
  publisher={Multidisciplinary Digital Publishing Institute}
}

@article{guan2018diagnose,
  title={Diagnose like a radiologist: Attention guided convolutional neural network for thorax disease classification},
  author={Guan, Qingji and Huang, Yaping and Zhong, Zhun and Zheng, Zhedong and Zheng, Liang and Yang, Yi},
  journal={arXiv preprint arXiv:1801.09927},
  year={2018}
}

@incollection{zhu2019guideline,
  title={Guideline-based additive explanation for computer-aided diagnosis of lung nodules},
  author={Zhu, Peifei and Ogino, Masahiro},
  booktitle={Interpretability of Machine Intelligence in Medical Image Computing and Multimodal Learning for Clinical Decision Support},
  pages={39--47},
  year={2019},
  publisher={Springer}
}

@incollection{pisov2019incorporating,
  title={Incorporating task-specific structural knowledge into CNNs for brain midline shift detection},
  author={Pisov, Maxim and Goncharov, Mikhail and Kurochkina, Nadezhda and Morozov, Sergey and Gombolevskiy, Victor and Chernina, Valeria and Vladzymyrskyy, Anton and Zamyatina, Ksenia and Chesnokova, Anna and Pronin, Igor and others},
  booktitle={Interpretability of Machine Intelligence in Medical Image Computing and Multimodal Learning for Clinical Decision Support},
  pages={30--38},
  year={2019},
  publisher={Springer}
}

@inproceedings{papanastasopoulos2020explainable,
  title={Explainable AI for medical imaging: deep-learning CNN ensemble for classification of estrogen receptor status from breast MRI},
  author={Papanastasopoulos, Zachary and Samala, Ravi K and Chan, Heang-Ping and Hadjiiski, Lubomir and Paramagul, Chintana and Helvie, Mark A and Neal, Colleen H},
  booktitle={Medical Imaging 2020: Computer-Aided Diagnosis},
  volume={11314},
  pages={113140Z},
  year={2020},
  organization={International Society for Optics and Photonics}
}

@incollection{pereira2018automatic,
  title={Automatic brain tumor grading from MRI data using convolutional neural networks and quality assessment},
  author={Pereira, S{\'e}rgio and Meier, Raphael and Alves, Victor and Reyes, Mauricio and Silva, Carlos A},
  booktitle={Understanding and interpreting machine learning in medical image computing applications},
  pages={106--114},
  year={2018},
  publisher={Springer}
}

@article{sayres2019using,
  title={Using a deep learning algorithm and integrated gradients explanation to assist grading for diabetic retinopathy},
  author={Sayres, Rory and Taly, Ankur and Rahimy, Ehsan and Blumer, Katy and Coz, David and Hammel, Naama and Krause, Jonathan and Narayanaswamy, Arunachalam and Rastegar, Zahra and Wu, Derek and others},
  journal={Ophthalmology},
  volume={126},
  number={4},
  pages={552--564},
  year={2019},
  publisher={Elsevier}
}

@inproceedings{kim2018interpretability,
  title={Interpretability beyond feature attribution: Quantitative testing with concept activation vectors (tcav)},
  author={Kim, Been and Wattenberg, Martin and Gilmer, Justin and Cai, Carrie and Wexler, James and Viegas, Fernanda and others},
  booktitle={International conference on machine learning},
  pages={2668--2677},
  year={2018},
  organization={PMLR}
}

@inproceedings{zhang2017mdnet,
  title={Mdnet: A semantically and visually interpretable medical image diagnosis network},
  author={Zhang, Zizhao and Xie, Yuanpu and Xing, Fuyong and McGough, Mason and Yang, Lin},
  booktitle={Proceedings of the IEEE conference on computer vision and pattern recognition},
  pages={6428--6436},
  year={2017}
}

@article{ghoshal2020estimating,
  title={Estimating uncertainty and interpretability in deep learning for coronavirus (COVID-19) detection},
  author={Ghoshal, Biraja and Tucker, Allan},
  journal={arXiv preprint arXiv:2003.10769},
  year={2020}
}

@article{wei2020visual,
  title={Visual interpretability in computer-assisted diagnosis of thyroid nodules using ultrasound images},
  author={Wei, Xi and Zhu, Jialin and Zhang, Haozhi and Gao, Hongyan and Yu, Ruiguo and Liu, Zhiqiang and Zheng, Xiangqian and Gao, Ming and Zhang, Sheng},
  journal={Medical science monitor: international medical journal of experimental and clinical research},
  volume={26},
  pages={e927007--1},
  year={2020},
  publisher={International Scientific Information, Inc.}
}

@inproceedings{degel2018domain,
  title={Domain and geometry agnostic CNNs for left atrium segmentation in 3D ultrasound},
  author={Degel, Markus A and Navab, Nassir and Albarqouni, Shadi},
  booktitle={International Conference on Medical Image Computing and Computer-Assisted Intervention},
  pages={630--637},
  year={2018},
  organization={Springer}
}

@inproceedings{ying2020msdan,
  title={MSDAN: Multi-Scale Self-Attention Unsupervised Domain Adaptation Network for Thyroid Ultrasound Images},
  author={Ying, Xiang and Zhang, Yulin and Wei, Xi and Yu, Mei and Zhu, Jialin and Gao, Jie and Liu, Zhiqiang and Li, Xuewei and Yu, Ruiguo},
  booktitle={2020 IEEE International Conference on Bioinformatics and Biomedicine (BIBM)},
  pages={871--876},
  year={2020},
  organization={IEEE}
}

@article{wachinger2016domain,
  title={Domain adaptation for Alzheimer's disease diagnostics},
  author={Wachinger, Christian and Reuter, Martin and Alzheimer's Disease Neuroimaging Initiative and others},
  journal={Neuroimage},
  volume={139},
  pages={470--479},
  year={2016},
  publisher={Elsevier}
}

@inproceedings{moradi2014mri,
  title={MRI based dementia classification using semi-supervised learning and domain adaption},
  author={Moradi, Elaheh and Gaser, Christian and Huttunen, Heikki and Tohka, Jussi and others},
  booktitle={Miccai workshop on computer-aided diagnosis methods of dementia},
  pages={65--73},
  year={2014}
}

@inproceedings{schlegl2014unsupervised,
  title={Unsupervised pre-training across image domains improves lung tissue classification},
  author={Schlegl, Thomas and Ofner, Joachim and Langs, Georg},
  booktitle={International MICCAI Workshop on Medical Computer Vision},
  pages={82--93},
  year={2014},
  organization={Springer}
}

@inproceedings{heimann2013learning,
  title={Learning without labeling: Domain adaptation for ultrasound transducer localization},
  author={Heimann, Tobias and Mountney, Peter and John, Matthias and Ionasec, Razvan},
  booktitle={International Conference on Medical Image Computing and Computer-Assisted Intervention},
  pages={49--56},
  year={2013},
  organization={Springer}
}

@article{van2014transfer,
  title={Transfer learning improves supervised image segmentation across imaging protocols},
  author={Van Opbroek, Annegreet and Ikram, M Arfan and Vernooij, Meike W and De Bruijne, Marleen},
  journal={IEEE transactions on medical imaging},
  volume={34},
  number={5},
  pages={1018--1030},
  year={2014},
  publisher={IEEE}
}

@article{shin2016deep,
  title={Deep convolutional neural networks for computer-aided detection: CNN architectures, dataset characteristics and transfer learning},
  author={Shin, Hoo-Chang and Roth, Holger R and Gao, Mingchen and Lu, Le and Xu, Ziyue and Nogues, Isabella and Yao, Jianhua and Mollura, Daniel and Summers, Ronald M},
  journal={IEEE transactions on medical imaging},
  volume={35},
  number={5},
  pages={1285--1298},
  year={2016},
  publisher={IEEE}
}

@article{yasaka2018deep,
  title={Deep learning with convolutional neural network for differentiation of liver masses at dynamic contrast-enhanced CT: a preliminary study},
  author={Yasaka, Koichiro and Akai, Hiroyuki and Abe, Osamu and Kiryu, Shigeru},
  journal={Radiology},
  volume={286},
  number={3},
  pages={887--896},
  year={2018},
  publisher={Radiological Society of North America}
}

@article{kloppel2008accuracy,
  title={Accuracy of dementia diagnosisâ€”a direct comparison between radiologists and a computerized method},
  author={Kl{\"o}ppel, Stefan and Stonnington, Cynthia M and Barnes, Josephine and Chen, Frederick and Chu, Carlton and Good, Catriona D and Mader, Irina and Mitchell, L Anne and Patel, Ameet C and Roberts, Catherine C and others},
  journal={Brain},
  volume={131},
  number={11},
  pages={2969--2974},
  year={2008},
  publisher={Oxford University Press}
}

@article{zhang2018value,
  title={Value of contrast-enhanced ultrasound in the differential diagnosis of gallbladder lesion},
  author={Zhang, Hui-Ping and Bai, Min and Gu, Ji-Ying and He, Ying-Qian and Qiao, Xiao-Hui and Du, Lian-Fang},
  journal={World journal of gastroenterology},
  volume={24},
  number={6},
  pages={744},
  year={2018},
  publisher={Baishideng Publishing Group Inc}
}

@article{siddiqui2013routine,
  title={Routine histopathology of gallbladder after elective cholecystectomy for gallstones: waste of resources or a justified act?},
  author={Siddiqui, Faisal G and Memon, Ahmer A and Abro, Arshad H and Sasoli, Nazeer A and Ahmad, Lubna},
  journal={BMC surgery},
  volume={13},
  number={1},
  pages={26},
  year={2013},
  publisher={Springer}
}

@article{hasan2016incidence,
  title={Incidence of Gallbladder Carcinoma in Thick Walled Gallbladder in Comparison with that of Normal Thickness A Study of 300 Cases},
  author={Hasan, Md Mahboob and Laila, Syeda Zeenat and Mamun, Md Monjur Hasan},
  journal={Journal of Bangladesh College of Physicians and Surgeons},
  volume={34},
  number={4},
  pages={193--198},
  year={2016}
}

@article{aldouri2009risk,
  title={The risk of gallbladder cancer from polyps in a large multiethnic series},
  author={Aldouri, AQ and Malik, HZ and Waytt, J and Khan, S and Ranganathan, K and Kummaraganti, S and Hamilton, W and Dexter, S and Menon, K and Lodge, JP and others},
  journal={European Journal of Surgical Oncology (EJSO)},
  volume={35},
  number={1},
  pages={48--51},
  year={2009},
  publisher={Elsevier}
}

@article{icmr96,
    title={Annual Report of Population Based Cancer Registries of the National Cancer Registry Programme (1993)},
    journal={Indian Council of Medical Research (ICMR). ICMR Publication},
    volume={18},
    year={1996}
}

@misc{rads,
  howpublished = {\url{https://www.acr.org/Clinical-Resources/Reporting-and-Data-Systems}}
}

@InProceedings{mun1,
author="Muneeswaran, V.
and Pallikonda Rajasekaran, M.",
title="Automatic Segmentation of Gallbladder Using Intuitionistic Fuzzy Based Active Contour Model",
booktitle="Microelectronics, Electromagnetics and Telecommunications",
year="2019",
publisher="Springer Singapore",
address="Singapore",
pages="651--658", 
isbn="978-981-13-1906-8"
}

@article{mishra2018ultrasound,
  title={Ultrasound image segmentation: a deeply supervised network with attention to boundaries},
  author={Mishra, Deepak and Chaudhury, Santanu and Sarkar, Mukul and Soin, Arvinder Singh},
  journal={IEEE Transactions on Biomedical Engineering},
  volume={66},
  number={6},
  pages={1637--1648},
  year={2018},
  publisher={IEEE}
}

@article{chen2020computer,
  title={Computer-aided diagnosis of gallbladder polyps based on high resolution ultrasonography},
  author={Chen, Tao and Tu, Shaoxiong and Wang, Haolu and Liu, Xuesong and Li, Fenghua and Jin, Wang and Liang, Xiaowen and Zhang, Xiaoqun and Wang, Jian},
  journal={Computer methods and programs in biomedicine},
  volume={185},
  pages={105118},
  year={2020},
  publisher={Elsevier}
}

@article{song2019u,
  title={U-Next: A novel convolution neural network with an aggregation U-Net architecture for gallstone segmentation in CT images},
  author={Song, Tao and Meng, Fan and Rodriguez-Paton, Alfonso and Li, Pibao and Zheng, Pan and Wang, Xun},
  journal={IEEE Access},
  volume={7},
  pages={166823--166832},
  year={2019},
  publisher={IEEE}
}

@article{zeng2018understanding,
  title={Understanding and generating ultrasound image description},
  author={Zeng, Xian-Hua and Liu, Bang-Gui and Zhou, Meng},
  journal={Journal of Computer Science and Technology},
  volume={33},
  number={5},
  pages={1086--1100},
  year={2018},
  publisher={Springer}
}

@article{pang2019novel,
  title={A novel YOLOv3-arch model for identifying cholelithiasis and classifying gallstones on CT images},
  author={Pang, Shanchen and Ding, Tong and Qiao, Sibo and Meng, Fan and Wang, Shuo and Li, Pibao and Wang, Xun},
  journal={PloS one},
  volume={14},
  number={6},
  pages={e0217647},
  year={2019},
  publisher={Public Library of Science San Francisco, CA USA}
}

@article{cao2019experimental,
  title={An experimental study on breast lesion detection and classification from ultrasound images using deep learning architectures},
  author={Cao, Zhantao and Duan, Lixin and Yang, Guowu and Yue, Ting and Chen, Qin},
  journal={BMC medical imaging},
  volume={19},
  number={1},
  pages={51},
  year={2019},
  publisher={BioMed Central}
}

@article{lian2017automatic,
  title={Automatic gallbladder and gallstone regions segmentation in ultrasound image},
  author={Lian, Jing and Ma, Yide and Ma, Yurun and Shi, Bin and Liu, Jizhao and Yang, Zhen and Guo, Yanan},
  journal={International journal of computer assisted radiology and surgery},
  volume={12},
  number={4},
  pages={553--568},
  year={2017},
  publisher={Springer}
}


@InProceedings{mun1,
author="Muneeswaran, V.
and Pallikonda Rajasekaran, M.",
title="Automatic Segmentation of Gallbladder Using Intuitionistic Fuzzy Based Active Contour Model",
booktitle="Microelectronics, Electromagnetics and Telecommunications",
year="2019",
publisher="Springer Singapore",
address="Singapore",
pages="651--658", 
isbn="978-981-13-1906-8"
}

@article{mishra2018ultrasound,
  title={Ultrasound image segmentation: a deeply supervised network with attention to boundaries},
  author={Mishra, Deepak and Chaudhury, Santanu and Sarkar, Mukul and Soin, Arvinder Singh},
  journal={IEEE Transactions on Biomedical Engineering},
  volume={66},
  number={6},
  pages={1637--1648},
  year={2018},
  publisher={IEEE}
}

@article{chen2020computer,
  title={Computer-aided diagnosis of gallbladder polyps based on high resolution ultrasonography},
  author={Chen, Tao and Tu, Shaoxiong and Wang, Haolu and Liu, Xuesong and Li, Fenghua and Jin, Wang and Liang, Xiaowen and Zhang, Xiaoqun and Wang, Jian},
  journal={Computer methods and programs in biomedicine},
  volume={185},
  pages={105118},
  year={2020},
  publisher={Elsevier}
}

@article{song2019u,
  title={U-Next: A novel convolution neural network with an aggregation U-Net architecture for gallstone segmentation in CT images},
  author={Song, Tao and Meng, Fan and Rodriguez-Paton, Alfonso and Li, Pibao and Zheng, Pan and Wang, Xun},
  journal={IEEE Access},
  volume={7},
  pages={166823--166832},
  year={2019},
  publisher={IEEE}
}

@article{zeng2018understanding,
  title={Understanding and generating ultrasound image description},
  author={Zeng, Xian-Hua and Liu, Bang-Gui and Zhou, Meng},
  journal={Journal of Computer Science and Technology},
  volume={33},
  number={5},
  pages={1086--1100},
  year={2018},
  publisher={Springer}
}

@article{pang2019novel,
  title={A novel YOLOv3-arch model for identifying cholelithiasis and classifying gallstones on CT images},
  author={Pang, Shanchen and Ding, Tong and Qiao, Sibo and Meng, Fan and Wang, Shuo and Li, Pibao and Wang, Xun},
  journal={PloS one},
  volume={14},
  number={6},
  pages={e0217647},
  year={2019},
  publisher={Public Library of Science San Francisco, CA USA}
}

@article{cao2019experimental,
  title={An experimental study on breast lesion detection and classification from ultrasound images using deep learning architectures},
  author={Cao, Zhantao and Duan, Lixin and Yang, Guowu and Yue, Ting and Chen, Qin},
  journal={BMC medical imaging},
  volume={19},
  number={1},
  pages={51},
  year={2019},
  publisher={BioMed Central}
}

@article{lian2017automatic,
  title={Automatic gallbladder and gallstone regions segmentation in ultrasound image},
  author={Lian, Jing and Ma, Yide and Ma, Yurun and Shi, Bin and Liu, Jizhao and Yang, Zhen and Guo, Yanan},
  journal={International journal of computer assisted radiology and surgery},
  volume={12},
  number={4},
  pages={553--568},
  year={2017},
  publisher={Springer}
}

@article{dosovitskiy2020image,
  title={An image is worth 16x16 words: Transformers for image recognition at scale},
  author={Dosovitskiy, Alexey and Beyer, Lucas and Kolesnikov, Alexander and Weissenborn, Dirk and Zhai, Xiaohua and Unterthiner, Thomas and Dehghani, Mostafa and Minderer, Matthias and Heigold, Georg and Gelly, Sylvain and others},
  journal={arXiv preprint arXiv:2010.11929},
  year={2020}
}

@inproceedings{touvron2021training,
  title={Training data-efficient image transformers \& distillation through attention},
  author={Touvron, Hugo and Cord, Matthieu and Douze, Matthijs and Massa, Francisco and Sablayrolles, Alexandre and J{\'e}gou, Herv{\'e}},
  booktitle={International Conference on Machine Learning},
  pages={10347--10357},
  year={2021},
  organization={PMLR}
}

@article{otsu1979threshold,
  title={A threshold selection method from gray-level histograms},
  author={Otsu, Nobuyuki},
  journal={IEEE transactions on systems, man, and cybernetics},
  volume={9},
  number={1},
  pages={62--66},
  year={1979},
  publisher={IEEE}
}

@misc{wang2021pvtv2,
      title={PVTv2: Improved Baselines with Pyramid Vision Transformer}, 
      author={Wenhai Wang and Enze Xie and Xiang Li and Deng-Ping Fan and Kaitao Song and Ding Liang and Tong Lu and Ping Luo and Ling Shao},
      year={2021},
      eprint={2106.13797},
      archivePrefix={arXiv},
      primaryClass={cs.CV}
}

@inproceedings{carion2020end,
  title={End-to-end object detection with transformers},
  author={Carion, Nicolas and Massa, Francisco and Synnaeve, Gabriel and Usunier, Nicolas and Kirillov, Alexander and Zagoruyko, Sergey},
  booktitle={European Conference on Computer Vision},
  pages={213--229},
  year={2020},
  organization={Springer}
}

@inproceedings{chu2021twins,
  title={Twins: Revisiting the design of spatial attention in vision transformers},
  author={Chu, Xiangxiang and Tian, Zhi and Wang, Yuqing and Zhang, Bo and Ren, Haibing and Wei, Xiaolin and Xia, Huaxia and Shen, Chunhua},
  booktitle={Thirty-Fifth Conference on Neural Information Processing Systems},
  year={2021}
}

@article{gulum2021review,
  title={A Review of Explainable Deep Learning Cancer Detection Models in Medical Imaging},
  author={Gulum, Mehmet A and Trombley, Christopher M and Kantardzic, Mehmed},
  journal={Applied Sciences},
  volume={11},
  number={10},
  pages={4573},
  year={2021},
  publisher={Multidisciplinary Digital Publishing Institute}
}

@article{gb-rads-paper,
  title={Gallbladder reporting and data system (GB-RADS) for risk stratification of gallbladder wall thickening on ultrasonography: an international expert consensus},
  author={Gupta, Pankaj and Dutta, Usha and Rana, Pratyaksha and Singhal, Manphool and Gulati, Ajay and Kalra, Naveen and Soundararajan, Raghuraman and Kalage, Daneshwari and Chhabra, Manika and Sharma, Vishal and others},
  journal={Abdominal Radiology},
  pages={1--12},
  year={2021},
  publisher={Springer}
}

@article{langlotz2019roadmap,
  title={A roadmap for foundational research on artificial intelligence in medical imaging: from the 2018 NIH/RSNA/ACR/The Academy Workshop},
  author={Langlotz, Curtis P and Allen, Bibb and Erickson, Bradley J and Kalpathy-Cramer, Jayashree and Bigelow, Keith and Cook, Tessa S and Flanders, Adam E and Lungren, Matthew P and Mendelson, David S and Rudie, Jeffrey D and others},
  journal={Radiology},
  volume={291},
  number={3},
  pages={781--791},
  year={2019},
  publisher={Radiological Society of North America}
}

@article{kooi2017large,
  title={Large scale deep learning for computer aided detection of mammographic lesions},
  author={Kooi, Thijs and Litjens, Geert and Van Ginneken, Bram and Gubern-M{\'e}rida, Albert and S{\'a}nchez, Clara I and Mann, Ritse and den Heeten, Ard and Karssemeijer, Nico},
  journal={Medical image analysis},
  volume={35},
  pages={303--312},
  year={2017},
  publisher={Elsevier}
}

@article{pirovano2021computer,
  title={Computer-aided diagnosis tool for cervical cancer screening with weakly supervised localization and detection of abnormalities using adaptable and explainable classifier},
  author={Pirovano, Antoine and Almeida, Leandro G and Ladjal, Sa{\"\i}d and Bloch, Isabelle and Berlemont, Sylvain},
  journal={Medical image analysis},
  volume={73},
  pages={102167},
  year={2021},
  publisher={Elsevier}
}

@article{hoofnagle2019european,
  title={The European Union general data protection regulation: what it is and what it means},
  author={Hoofnagle, Chris Jay and van der Sloot, Bart and Borgesius, Frederik Zuiderveen},
  journal={Information \& Communications Technology Law},
  volume={28},
  number={1},
  pages={65--98},
  year={2019},
  publisher={Taylor \& Francis}
}

@inproceedings{bau2017network,
  title={Network dissection: Quantifying interpretability of deep visual representations},
  author={Bau, David and Zhou, Bolei and Khosla, Aditya and Oliva, Aude and Torralba, Antonio},
  booktitle={Proceedings of the IEEE conference on computer vision and pattern recognition},
  pages={6541--6549},
  year={2017}
}

@article{monga2021algorithm,
  title={Algorithm unrolling: Interpretable, efficient deep learning for signal and image processing},
  author={Monga, Vishal and Li, Yuelong and Eldar, Yonina C},
  journal={IEEE Signal Processing Magazine},
  volume={38},
  number={2},
  pages={18--44},
  year={2021},
  publisher={IEEE}
}

@article{pg-cam,
  title={Robust tumor localization with pyramid grad-cam},
  author={Lee, Sungmin and Lee, Jangho and Lee, Jungbeom and Park, Chul-Kee and Yoon, Sungroh},
  journal={arXiv preprint arXiv:1805.11393},
  year={2018}
}

@article{ismael2020enhanced,
  title={An enhanced deep learning approach for brain cancer MRI images classification using residual networks},
  author={Ismael, Sarah Ali Abdelaziz and Mohammed, Ammar and Hefny, Hesham},
  journal={Artificial intelligence in medicine},
  volume={102},
  pages={101779},
  year={2020},
  publisher={Elsevier}
}

@article{lamy2019explainable,
  title={Explainable artificial intelligence for breast cancer: A visual case-based reasoning approach},
  author={Lamy, Jean-Baptiste and Sekar, Boomadevi and Guezennec, Gilles and Bouaud, Jacques and S{\'e}roussi, Brigitte},
  journal={Artificial intelligence in medicine},
  volume={94},
  pages={42--53},
  year={2019},
  publisher={Elsevier}
}

@article{hamm2019deep,
  title={Deep learning for liver tumor diagnosis part I: development of a convolutional neural network classifier for multi-phasic MRI},
  author={Hamm, Charlie A and Wang, Clinton J and Savic, Lynn J and Ferrante, Marc and Schobert, Isabel and Schlachter, Todd and Lin, MingDe and Duncan, James S and Weinreb, Jeffrey C and Chapiro, Julius and others},
  journal={European radiology},
  volume={29},
  number={7},
  pages={3338--3347},
  year={2019},
  publisher={Springer}
}

@article{windisch2020implementation,
  title={Implementation of model explainability for a basic brain tumor detection using convolutional neural networks on MRI slices},
  author={Windisch, Paul and Weber, Pascal and F{\"u}rweger, Christoph and Ehret, Felix and Kufeld, Markus and Zwahlen, Daniel and Muacevic, Alexander},
  journal={Neuroradiology},
  volume={62},
  number={11},
  pages={1515--1518},
  year={2020},
  publisher={Springer}
}

@article{wang2018breast,
  title={Breast mass detection in digital mammogram based on gestalt psychology},
  author={Wang, Hongyu and Feng, Jun and Bu, Qirong and Liu, Feihong and Zhang, Min and Ren, Yu and Lv, Yi},
  journal={Journal of Healthcare Engineering},
  volume={2018},
  year={2018},
  publisher={Hindawi}
}

@article{wu2018deepminer,
  title={Deepminer: Discovering interpretable representations for mammogram classification and explanation},
  author={Wu, Jimmy and Zhou, Bolei and Peck, Diondra and Hsieh, Scott and Dialani, Vandana and Mackey, Lester and Patterson, Genevieve},
  journal={arXiv preprint arXiv:1805.12323},
  year={2018}
}

@article{kumar2019sisc,
  title={SISC: End-to-end interpretable discovery radiomics-driven lung cancer prediction via stacked interpretable sequencing cells},
  author={Kumar, Devinder and Sankar, Vignesh and Clausi, David and Taylor, Graham W and Wong, Alexander},
  journal={IEEE Access},
  volume={7},
  pages={145444--145454},
  year={2019},
  publisher={IEEE}
}

@article{venugopal2020unboxing,
  title={Unboxing AI-radiological insights into a deep neural network for lung nodule characterization},
  author={Venugopal, Vasantha Kumar and Vaidhya, Kiran and Murugavel, Murali and Chunduru, Abhijith and Mahajan, Vidur and Vaidya, Suthirth and Mahra, Digvijay and Rangasai, Akshay and Mahajan, Harsh},
  journal={Academic radiology},
  volume={27},
  number={1},
  pages={88--95},
  year={2020},
  publisher={Elsevier}
}

@article{zhou2018radiomics,
  title={A radiomics approach with CNN for shear-wave elastography breast tumor classification},
  author={Zhou, Yongjin and Xu, Jingxu and Liu, Qiegen and Li, Cheng and Liu, Zaiyi and Wang, Meiyun and Zheng, Hairong and Wang, Shanshan},
  journal={IEEE Transactions on Biomedical Engineering},
  volume={65},
  number={9},
  pages={1935--1942},
  year={2018},
  publisher={IEEE}
}

@article{samala2018breast,
  title={Breast cancer diagnosis in digital breast tomosynthesis: effects of training sample size on multi-stage transfer learning using deep neural nets},
  author={Samala, Ravi K and Chan, Heang-Ping and Hadjiiski, Lubomir and Helvie, Mark A and Richter, Caleb D and Cha, Kenny H},
  journal={IEEE transactions on medical imaging},
  volume={38},
  number={3},
  pages={686--696},
  year={2018},
  publisher={IEEE}
}

@inproceedings{dhungel2016automated,
  title={The automated learning of deep features for breast mass classification from mammograms},
  author={Dhungel, Neeraj and Carneiro, Gustavo and Bradley, Andrew P},
  booktitle={International Conference on Medical Image Computing and Computer-Assisted Intervention},
  pages={106--114},
  year={2016},
  organization={Springer}
}

@inproceedings{shao2021temporal,
  title={Temporal context aggregation for video retrieval with contrastive learning},
  author={Shao, Jie and Wen, Xin and Zhao, Bingchen and Xue, Xiangyang},
  booktitle={Proceedings of the IEEE/CVF Winter Conference on Applications of Computer Vision},
  pages={3268--3278},
  year={2021}
}

@article{neyshabur2018towards,
  title={Towards understanding the role of over-parametrization in generalization of neural networks},
  author={Neyshabur, Behnam and Li, Zhiyuan and Bhojanapalli, Srinadh and LeCun, Yann and Srebro, Nathan},
  journal={arXiv preprint arXiv:1805.12076},
  year={2018}
}

@article{valanarasu2021medical,
  title={Medical transformer: Gated axial-attention for medical image segmentation},
  author={Valanarasu, Jeya Maria Jose and Oza, Poojan and Hacihaliloglu, Ilker and Patel, Vishal M},
  journal={arXiv preprint arXiv:2102.10662},
  year={2021}
}

@article{cao2021swin,
  title={Swin-Unet: Unet-like Pure Transformer for Medical Image Segmentation},
  author={Cao, Hu and Wang, Yueyue and Chen, Joy and Jiang, Dongsheng and Zhang, Xiaopeng and Tian, Qi and Wang, Manning},
  journal={arXiv preprint arXiv:2105.05537},
  year={2021}
}

@article{dong2021polyp,
  title={Polyp-PVT: Polyp Segmentation with Pyramid Vision Transformers},
  author={Dong, Bo and Wang, Wenhai and Fan, Deng-Ping and Li, Jinpeng and Fu, Huazhu and Shao, Ling},
  journal={arXiv preprint arXiv:2108.06932},
  year={2021}
}

@article{he2021global,
  title={Global-Local Transformer for Brain Age Estimation},
  author={He, Sheng and Grant, P Ellen and Ou, Yangming},
  journal={IEEE Transactions on Medical Imaging},
  year={2021},
  publisher={IEEE}
}

@article{bagnets,
  title={Approximating cnns with bag-of-local-features models works surprisingly well on imagenet},
  author={Brendel, Wieland and Bethge, Matthias},
  journal={arXiv preprint arXiv:1904.00760},
  year={2019}
}

@article{lopes2021gallbladder,
  title={Gallbladder carcinoma and its differential diagnosis at MRI: what radiologists should know},
  author={Vendrami, Camila L and Magnetta, Michael J and Mittal, Pardeep K and Moreno, Courtney C and Miller, Frank H},
  journal={Radiographics},
  volume={41},
  number={1},
  pages={78--95},
  year={2021},
  publisher={Radiological Society of North America}
}

@article{catalano2008mr,
  title={MR imaging of the gallbladder: a pictorial essay},
  author={Catalano, Onofrio A and Sahani, Dushyant V and Kalva, Sanjeeva P and Cushing, Matthew S and Hahn, Peter F and Brown, Jeffrey J and Edelman, Robert R},
  journal={Radiographics},
  volume={28},
  number={1},
  pages={135--155},
  year={2008},
  publisher={Radiological Society of North America}
}

@article{mizuguchi1997endoscopic,
  title={Endoscopic ultrasonography for demonstrating loss of multiple-layer pattern of the thickened gallbladder wall in the preoperative diagnosis of gallbladder cancer},
  author={Mizuguchi, M and Kudo, S and Fukahori, T and Matsuo, Y and Miyazaki, K and Tokunaga, O and Koyama, T and Fujimoto, K},
  journal={European radiology},
  volume={7},
  number={8},
  pages={1323--1327},
  year={1997},
  publisher={Springer}
}

@article{joo2013differentiation,
  title={Differentiation of adenomyomatosis of the gallbladder from early-stage, wall-thickening-type gallbladder cancer using high-resolution ultrasound},
  author={Joo, Ijin and Lee, Jae Young and Kim, Jung Hoon and Kim, Soo Jin and Kim, Min A and Han, Joon Koo and Choi, Byung Ihn},
  journal={European radiology},
  volume={23},
  number={3},
  pages={730--738},
  year={2013},
  publisher={Springer}
}

@article{zhang2019usefulness,
  title={Usefulness of ultrasound in differentiating xanthogranulomatous cholecystitis from gallbladder carcinoma},
  author={Zhang, Fan and Chen, Wen and Zhang, Lingfu and Hou, Chunsheng and Zhang, Ming},
  journal={Ultrasound in medicine \& biology},
  volume={45},
  number={11},
  pages={2925--2931},
  year={2019},
  publisher={Elsevier}
}

@article{deng2015xanthogranulomatous,
  title={Xanthogranulomatous cholecystitis mimicking gallbladder carcinoma: An analysis of 42 cases},
  author={Deng, Yi-Lei and Cheng, Nan-Sheng and Zhang, Shui-Jun and Ma, Wen-Jie and Shrestha, Anuj and Li, Fu-Yu and Xu, Fei-Long and Zhao, Long-Shuan},
  journal={World journal of gastroenterology},
  volume={21},
  number={44},
  pages={12653},
  year={2015},
  publisher={Baishideng Publishing Group Inc}
}

@article{liu2012contrast,
  title={Contrast-enhanced ultrasound in the diagnosis of gallbladder diseases: a multi-center experience},
  author={Liu, Lin-Na and Xu, Hui-Xiong and Lu, Ming-De and Xie, Xiao-Yan and Wang, Wen-Ping and Hu, Bing and Yan, Kun and Ding, Hong and Tang, Shao-Shan and Qian, Lin-Xue and others},
  journal={PLoS One},
  volume={7},
  number={10},
  pages={e48371},
  year={2012},
  publisher={Public Library of Science San Francisco, USA}
}

@article{canny1986computational,
  title={A computational approach to edge detection},
  author={Canny, John},
  journal={IEEE Transactions on pattern analysis and machine intelligence},
  number={6},
  pages={679--698},
  year={1986},
  publisher={Ieee}
}

@inproceedings{basu2022surpassing,
  title={Surpassing the Human Accuracy: Detecting Gallbladder Cancer from USG Images with Curriculum Learning},
  author={Basu, Soumen and Gupta, Mayank and Rana, Pratyaksha and Gupta, Pankaj and Arora, Chetan},
  booktitle={Proceedings of the IEEE/CVF Conference on Computer Vision and Pattern Recognition (CVPR)},
  pages={20886--20896},
  year={2022}
}

@article{klibanov2015ultrasound,
  title={Ultrasound in radiology: from anatomic, functional, molecular imaging to drug delivery and image-guided therapy},
  author={Klibanov, Alexander L and Hossack, John A},
  journal={Investigative radiology},
  volume={50},
  number={9},
  pages={657},
  year={2015},
  publisher={NIH Public Access}
}

@article{wang2020glance,
  title={Glance and focus: a dynamic approach to reducing spatial redundancy in image classification},
  author={Wang, Yulin and Lv, Kangchen and Huang, Rui and Song, Shiji and Yang, Le and Huang, Gao},
  journal={Advances in Neural Information Processing Systems},
  volume={33},
  pages={2432--2444},
  year={2020}
}

@inproceedings{chen2021uscl,
  title={USCL: Pretraining Deep Ultrasound Image Diagnosis Model Through Video Contrastive Representation Learning},
  author={Chen, Yixiong and Zhang, Chunhui and Liu, Li and Feng, Cheng and Dong, Changfeng and Luo, Yongfang and Wan, Xiang},
  booktitle={International Conference on Medical Image Computing and Computer-Assisted Intervention},
  pages={627--637},
  year={2021},
  organization={Springer}
}

@inproceedings{yuan2021robust,
	title={Large-scale Robust Deep AUC Maximization: A New Surrogate Loss and Empirical Studies on Medical Image Classification},
	author={Yuan, Zhuoning and Yan, Yan and Sonka, Milan and Yang, Tianbao},
	booktitle={Proceedings of the IEEE/CVF International Conference on Computer Vision},
	year={2021}
}
	
@article{liu2020semi,
  title={Semi-supervised medical image classification with relation-driven self-ensembling model},
  author={Liu, Quande and Yu, Lequan and Luo, Luyang and Dou, Qi and Heng, Pheng Ann},
  journal={IEEE Transactions on Medical Imaging},
  year={2020},
  publisher={IEEE}
}

@article{shao2021transmil,
  title={Transmil: Transformer based correlated multiple instance learning for whole slide image classification},
  author={Shao, Zhuchen and Bian, Hao and Chen, Yang and Wang, Yifeng and Zhang, Jian and Ji, Xiangyang and others},
  journal={Advances in Neural Information Processing Systems},
  volume={34},
  year={2021}
}

@article{zhang2021multi,
  title={Multi-Scale Vision Longformer: A New Vision Transformer for High-Resolution Image Encoding},
  author={Zhang, Pengchuan and Dai, Xiyang and Yang, Jianwei and Xiao, Bin and Yuan, Lu and Zhang, Lei and Gao, Jianfeng},
  journal={ICCV 2021},
  year={2021}
}

@inproceedings{chen2021glit,
  title={Glit: Neural architecture search for global and local image transformer},
  author={Chen, Boyu and Li, Peixia and Li, Chuming and Li, Baopu and Bai, Lei and Lin, Chen and Sun, Ming and Yan, Junjie and Ouyang, Wanli},
  booktitle={Proceedings of the IEEE/CVF International Conference on Computer Vision},
  pages={12--21},
  year={2021}
}

@article{vaswani2017attention,
  title={Attention is all you need},
  author={Vaswani, Ashish and Shazeer, Noam and Parmar, Niki and Uszkoreit, Jakob and Jones, Llion and Gomez, Aidan N and Kaiser, {\L}ukasz and Polosukhin, Illia},
  journal={Advances in neural information processing systems},
  volume={30},
  year={2017}
}

@article{xue2021segnet,
  title={Segnet Network Algorithm-Based Ultrasound Images in the Diagnosis of Gallbladder Stones Complicated with Gallbladder Carcinoma and the Relationship between P16 Expression with Gallbladder Carcinoma},
  author={Xue, Liang and Wang, Xiaohui and Yang, Yong and Zhao, Guodong and Han, Yanzhen and Fu, Zexian and Sun, Guangxin and Yang, Jie},
  journal={Journal of healthcare engineering},
  volume={2021},
  year={2021},
  publisher={Hindawi}
}

@article{chang2022ct,
  title={CT manifestations of gallbladder carcinoma based on neural network},
  author={Chang, Yigang and Wu, Qian and Chi, Limin and Huo, Huaying},
  journal={Neural Computing and Applications},
  pages={1--6},
  year={2022},
  publisher={Springer}
}

% R1

@inproceedings{wu2022cross,
  title={Cross-Patch Dense Contrastive Learning for Semi-Supervised Segmentation of Cellular Nuclei in Histopathologic Images},
  author={Wu, Huisi and Wang, Zhaoze and Song, Youyi and Yang, Lin and Qin, Jing},
  booktitle={Proceedings of the IEEE/CVF Conference on Computer Vision and Pattern Recognition},
  pages={11666--11675},
  year={2022}
}

@inproceedings{wu2021precise,
  title={Precise yet efficient semantic calibration and refinement in convnets for real-time polyp segmentation from colonoscopy videos},
  author={Wu, Huisi and Zhong, Jiafu and Wang, Wei and Wen, Zhenkun and Qin, Jing},
  booktitle={Proceedings of the AAAI Conference on Artificial Intelligence},
  volume={35},
  number={4},
  pages={2916--2924},
  year={2021}
}

@article{wu2022polypseg,
  title={PolypSeg+: A Lightweight Context-Aware Network for Real-Time Polyp Segmentation},
  author={Wu, Huisi and Zhao, Zebin and Zhong, Jiafu and Wang, Wei and Wen, Zhenkun and Qin, Jing},
  journal={IEEE Transactions on Cybernetics},
  year={2022},
  publisher={IEEE}
}

@article{wu2020automated,
  title={Automated skin lesion segmentation via an adaptive dual attention module},
  author={Wu, Huisi and Pan, Junquan and Li, Zhuoying and Wen, Zhenkun and Qin, Jing},
  journal={Transactions on Medical Imaging},
  volume={40},
  pages={357--370},
  year={2020},
  publisher={IEEE}
}

@article{wu2021scs,
  title={Scs-net: A scale and context sensitive network for retinal vessel segmentation},
  author={Wu, Huisi and Wang, Wei and Zhong, Jiafu and Lei, Baiying and Wen, Zhenkun and Qin, Jing},
  journal={Medical Image Analysis},
  volume={70},
  pages={102025},
  year={2021},
  publisher={Elsevier}
}

@inproceedings{wu2021region,
  title={Region-aware Global Context Modeling for Automatic Nerve Segmentation from Ultrasound Images},
  author={Wu, Huisi and Liu, Jiasheng and Wang, Wei and Wen, Zhenkun and Qin, Jing},
  booktitle={Proceedings of the AAAI Conference on Artificial Intelligence},
  volume={35},
  number={4},
  pages={2907--2915},
  year={2021}
}

@article{wu2022fat,
  title={FAT-Net: Feature adaptive transformers for automated skin lesion segmentation},
  author={Wu, Huisi and Chen, Shihuai and Chen, Guilian and Wang, Wei and Lei, Baiying and Wen, Zhenkun},
  journal={Medical Image Analysis},
  volume={76},
  pages={102327},
  year={2022},
  publisher={Elsevier}
}

@inproceedings{wu2021collaborative,
  title={Collaborative and adversarial learning of focused and dispersive representations for semi-supervised polyp segmentation},
  author={Wu, Huisi and Chen, Guilian and Wen, Zhenkun and Qin, Jing},
  booktitle={Proceedings of the IEEE/CVF International Conference on Computer Vision},
  pages={3489--3498},
  year={2021}
}

@article{wu2022semi,
  title={Semi-supervised segmentation of echocardiography videos via noise-resilient spatiotemporal semantic calibration and fusion},
  author={Wu, Huisi and Liu, Jiasheng and Xiao, Fangyan and Wen, Zhenkun and Cheng, Lan and Qin, Jing},
  journal={Medical Image Analysis},
  volume={78},
  pages={102397},
  year={2022},
  publisher={Elsevier}
}

@article{wu2021automated,
  title={Automated left ventricular segmentation from cardiac magnetic resonance images via adversarial learning with multi-stage pose estimation network and co-discriminator},
  author={Wu, Huisi and Lu, Xuheng and Lei, Baiying and Wen, Zhenkun},
  journal={Medical Image Analysis},
  volume={68},
  pages={101891},
  year={2021},
  publisher={Elsevier}
}

%

@article{van2021hooknet,
  title={HookNet: Multi-resolution convolutional neural networks for semantic segmentation in histopathology whole-slide images},
  author={Van Rijthoven, Mart and Balkenhol, Maschenka and Sili{\c{n}}a, Karina and Van Der Laak, Jeroen and Ciompi, Francesco},
  journal={Medical Image Analysis},
  volume={68},
  year={2021},
  publisher={Elsevier}
}

@inproceedings{guo2019deep,
  title={Deep local-global refinement network for stent analysis in ivoct images},
  author={Guo, Yuyu and Bi, Lei and Kumar, Ashnil and Gao, Yue and Zhang, Ruiyan and Feng, Dagan and Wang, Qian and Kim, Jinman},
  booktitle={MICCAI},
  pages={539--546},
  year={2019}
}

@article{wang2022transformer,
title = {Transformer-based unsupervised contrastive learning for histopathological image classification},
journal = {Medical Image Analysis},
volume = {81},
pages = {102559},
year = {2022},
issn = {1361-8415},
doi = {https://doi.org/10.1016/j.media.2022.102559},
url = {https://www.sciencedirect.com/science/article/pii/S1361841522002043},
author = {Xiyue Wang and Sen Yang and Jun Zhang and Minghui Wang and Jing Zhang and Wei Yang and Junzhou Huang and Xiao Han}
}

@InProceedings{xia2021effective,
author="Xia, Yingda
and Yao, Jiawen
and Lu, Le
and Huang, Lingyun
and Xie, Guotong
and Xiao, Jing
and Yuille, Alan
and Cao, Kai
and Zhang, Ling",
editor="de Bruijne, Marleen
and Cattin, Philippe C.
and Cotin, St{\'e}phane
and Padoy, Nicolas
and Speidel, Stefanie
and Zheng, Yefeng
and Essert, Caroline",
title="Effective Pancreatic Cancer Screening on Non-contrast CT Scans via Anatomy-Aware Transformers",
booktitle="Medical Image Computing and Computer Assisted Intervention -- MICCAI 2021",
year="2021",
publisher="Springer International Publishing",
address="Cham",
pages="259--269",
}

@article{chen2021transunet,
  title={Transunet: Transformers make strong encoders for medical image segmentation},
  author={Chen, Jieneng and Lu, Yongyi and Yu, Qihang and Luo, Xiangde and Adeli, Ehsan and Wang, Yan and Lu, Le and Yuille, Alan L and Zhou, Yuyin},
  journal={arXiv preprint arXiv:2102.04306},
  year={2021}
}

@inproceedings{wang2021transbts,
  title={Transbts: Multimodal brain tumor segmentation using transformer},
  author={Wang, Wenxuan and Chen, Chen and Ding, Meng and Yu, Hong and Zha, Sen and Li, Jiangyun},
  booktitle={International Conference on Medical Image Computing and Computer-Assisted Intervention},
  pages={109--119},
  year={2021},
  organization={Springer}
}

@inproceedings{zhang2021transfuse,
  title={Transfuse: Fusing transformers and cnns for medical image segmentation},
  author={Zhang, Yundong and Liu, Huiye and Hu, Qiang},
  booktitle={International Conference on Medical Image Computing and Computer-Assisted Intervention},
  pages={14--24},
  year={2021},
  organization={Springer}
}

@article{jang2021diagnostic,
  title={Diagnostic performance of endoscopic ultrasound-artificial intelligence using deep learning analysis of gallbladder polypoid lesions},
  author={Jang, Sung Ill and Kim, Young Jae and Kim, Eui Joo and Kang, Huapyong and Shon, Seung Jin and Seol, Yu Jin and Lee, Dong Ki and Kim, Kwang Gi and Cho, Jae Hee},
  journal={Journal of Gastroenterology and Hepatology},
  volume={36},
  number={12},
  pages={3548--3555},
  year={2021},
  publisher={Wiley Online Library}
}

